1846 3062
286 132 393 172 QUAESTIO
405 134 442 164 Vlll
464 133 585 166 ARTICULUS
597 134 610 164 V
799 125 824 161 tt?

138 229 171 263 Sao
184 240 246 262 comm
257 240 286 261 rsr
298 229 350 272 quod
360 228 491 270 Philosophus
503 228 523 262 in
532 229 658 264 Prnecticnnn.
671 239 685 263 c.
695 230 705 263 8
717 229 825 263 naturalem

71 283 176 328 potentiam
189 286 208 318 et
219 283 353 327 impotentiam
366 286 422 318 vocat
433 282 485 318 aliud
497 293 559 327 genus
568 283 672 328 qualitatis.
692 283 730 318 Sed
742 283 778 318 hoc
786 293 825 317 non

72 343 106 382 est,
113 339 150 374 uisi
157 340 202 384 quia
208 344 290 383 utraque
298 340 406 374 continetur
413 342 512 383 tamquam
519 339 608 374 distincta
616 340 689 383 species
696 341 733 375 sub
740 340 825 383 quodam

71 405 142 438 genere
153 395 249 438 proximo.
270 395 323 439 Ergo
334 395 428 429 naturalis
440 394 526 437 potentia
537 398 556 429 et
567 395 680 438 impotentia
693 398 738 430 sunt
751 395 824 438 species

72 450 122 483 inter
134 459 155 483 se
167 449 295 484 essentialiter
307 449 413 483 distinctae.

137 515 234 548 Rasromro
249 525 328 547 niarium
345 514 397 558 quod
412 515 437 548 ad
452 515 556 549 secundam
572 514 655 557 speciem
670 515 767 557 qualitatis
782 525 825 558 per-

72 569 133 602 tinent
142 578 209 602 omnes
217 569 318 611 potentiae,
331 569 403 611 quibus
413 568 525 611 simpliciter
535 569 607 610 aliquid
616 579 728 610 possumus,
741 572 825 611 suntque

72 631 184 655 communes
196 624 256 656 rebus
268 622 359 656 omnibus
371 625 390 655 et
398 622 435 655 illis
444 632 455 654 a
462 626 532 655 natura
540 622 614 655 insitae.
633 622 752 656 Huiusmodi
760 625 824 656 autem

73 678 118 707 sunt
134 678 173 707 tam
187 675 284 716 potentiae
299 675 410 716 operativae
427 675 561 708 intentamenta*
579 685 636 717 quam
656 678 787 717 transeunter,
806 679 825 709 et

71 730 172 768 praeterea
187 737 255 760 omnes
269 727 318 768 illae,
333 728 405 770 quibus
419 727 474 760 facile
489 737 596 768 possumus
611 728 701 761 resistere
717 728 825 762 contrariis.

73 780 136 819 Quare
149 781 186 814 sub
198 781 293 814 naturali
302 780 396 823 potentia
409 780 518 814 continetur
527 780 596 823 priano
611 780 674 813 omnis
690 781 721 814 vis
733 790 744 813 a
756 784 826 814 natura

72 834 130 868 insita
141 834 223 868 faciliter
234 834 307 877 aliquid
319 834 389 877 agendi
398 844 432 868 seu
440 834 526 877 potentia
534 834 601 877 activa,
614 837 635 867 ut
643 837 673 867 est
681 834 767 876 potentia
776 835 826 867 aedi-

71 889 149 925 ficativa
159 892 177 924 et
185 889 296 925 calefactiva
304 889 335 924 vel
343 889 465 934 frigefactiva
474 892 492 924 et
499 889 584 933 potentia
590 889 714 934 intelligendi.
727 889 824 935 Secundo,

73 946 136 980 omnis
151 946 181 981 vis
198 946 253 980 facile
270 946 375 980 resistendi
393 946 496 980 contrariis
514 956 548 980 seu
565 946 669 980 difficulter
686 946 777 989 patiendi,
795 948 826 981 vel

71 1001 140 1041 torma,
155 1010 194 1044 qua
208 1010 240 1035 res
255 1000 319 1044 aliqua
333 1000 422 1035 redditur
436 1000 563 1044 impassibilis
579 1000 631 1035 etin
646 1001 732 1034 deterius
747 1001 825 1035 difficile

72 1055 155 1096 nrobilis,
170 1056 268 1098 quomodo
285 1055 366 1089 durities
381 1057 400 1089 et
415 1055 519 1090 salubritas
532 1055 642 1098 significant
654 1055 760 1097 potentiam
771 1058 826 1090 natu-

72 1109 138 1149 ralem,
147 1110 192 1151 quia
200 1119 235 1151 per
243 1109 286 1143 illas
295 1109 403 1143 subiectum
411 1109 466 1143 facile
475 1109 549 1143 resistit
558 1109 666 1143 contrariis.
682 1109 722 1143 Sub
731 1111 826 1143 nzntnrnn·

72 1173 120 1197 vero
137 1163 258 1206 intcpotentn'n
275 1163 384 1197 continetur
401 1163 431 1197 vis
448 1163 511 1196 omnis
529 1173 540 1196 a
557 1166 627 1196 natura
645 1163 703 1196 insita
721 1163 826 1197 difficulter

72 1217 147 1258 agendi,
162 1219 184 1250 ut
197 1217 323 1250 insalubritas
339 1219 357 1250 et
368 1217 466 1250 hebetudo
477 1217 555 1258 ingenii,
572 1220 590 1250 et
602 1217 665 1249 omnis
677 1216 708 1250 vis
720 1217 825 1250 difficulter

72 1270 176 1303 resistendi
189 1279 223 1302 seu
235 1269 290 1303 iacile
301 1270 392 1311 patiendi,
404 1273 425 1303 ut
437 1273 467 1302 est
478 1270 574 1302 mollities.
593 1269 648 1303 Unde
660 1270 688 1310 fit,
700 1273 722 1303 ut
731 1270 825 1304 naturalis

72 1322 157 1363 potentia
169 1325 188 1355 et
199 1322 313 1364 impotentia
325 1322 417 1355 differant
428 1322 479 1355 inter
492 1331 511 1355 se
525 1322 592 1363 specie,
608 1324 629 1354 ut
641 1324 693 1363 patet
705 1332 729 1355 ex
740 1322 825 1356 diversis

72 1375 181 1410 rationibus
190 1375 273 1417 illarum,
286 1375 390 1418 exquibus
400 1375 485 1409 sumitur
494 1374 598 1409 diversitas
606 1375 695 1409 formalis
704 1378 722 1409 et
731 1376 825 1418 specifica.

138 1430 168 1464 Ex
180 1429 210 1463 his
223 1429 279 1464 etiam
292 1432 349 1473 patet,
362 1429 460 1473 quomodo
473 1430 555 1464 licebitne
564 1429 705 1472 cltettnpnntm·
713 1440 726 1464 n
731 1430 826 1473 potentin

72 1486 172 1521 tecetrnnln'.
188 1486 236 1519 Nam
245 1486 343 1520 naturales
353 1485 449 1529 potentiae
458 1487 503 1520 sunt
512 1495 624 1520 counnunes
633 1485 724 1520 omnibus
732 1488 751 1520 et
758 1486 826 1520 insunt

72 1551 83 1575 a
95 1544 164 1575 natura
179 1544 198 1575 et
213 1543 263 1582 sunt,
279 1541 350 1584 quibus
366 1550 473 1583 possunms
485 1540 558 1584 aliquid
571 1540 689 1583 simpliciter.
712 1541 736 1574 At
747 1541 826 1575 habitus

72 1596 170 1630 naturales
182 1605 217 1629 uec
230 1598 275 1629 snut
287 1605 400 1629 comumnes
413 1596 504 1629 omnibus
516 1605 551 1628 neo
562 1595 630 1629 insunt
642 1597 735 1636 anatura,
748 1599 766 1629 et
775 1599 825 1638 sunt,

73 1651 144 1692 quibus
157 1660 196 1683 non
209 1649 326 1692 simpliciter,
342 1650 376 1683 sed
388 1650 437 1683 bene
449 1650 480 1683 vel
491 1650 541 1683 male
552 1659 659 1691 possumus
672 1649 750 1692 aliquid.
774 1649 826 1683 Sicut

72 1704 179 1738 intellectus
192 1707 226 1746 est,
241 1713 280 1746 quo
292 1704 444 1745 consideramus
460 1703 543 1743 seientia,
558 1713 597 1745 qua
608 1704 657 1737 bene
669 1704 825 1745 eonsideramus3

73 1757 232 1799 concupiscibilis,
245 1766 283 1799 qua
295 1757 455 1799 concupiscimus,
468 1757 600 1799 temperantia,
616 1767 655 1798 qua
666 1758 715 1790 bene
727 1757 827 1799 concupis-

73 1810 139 1852 cimus,
151 1810 305 1852 intemperantia,
317 1820 356 1851 qua
367 1811 422 1843 male.

138 1874 164 1906 An
172 1884 281 1905 anttunaurmr
289 1883 332 1904 rutro
340 1883 420 1905 nicanruu
428 1874 480 1915 quod
488 1874 543 1906 taoile
552 1876 571 1906 et
580 1873 659 1906 difficile
668 1873 826 1907 diversificantur

73 1927 141 1970 specie,
153 1927 231 1970 quando
244 1931 290 1960 sunt
302 1927 325 1960 de
337 1926 412 1960 ratione
424 1926 481 1969 illius,
494 1927 546 1969 quod
559 1926 629 1960 dicitur
640 1926 695 1960 facile
708 1927 738 1961 vel
747 1926 825 1961 difficile

73 1992 136 2026 agere.

383 2048 460 2055 ,ww-am
466 2048 512 2055 „ww

334 2158 456 2191 iuuentus
468 2158 561 2199 orturus

98 2257 158 2285 UTRUM
172 2256 236 2285 Passio
250 2257 273 2284 ET
286 2256 387 2285 PASSIBILIS
402 2256 492 2291 quamtus
507 2255 570 2284 SPECIE
585 2257 642 2284 INTER
656 2256 678 2284 SE
692 2256 797 2284 orrannum*

74 2354 113 2425 Aa
125 2353 194 2380 ornum
205 2352 229 2373 sie
240 2352 346 2374 raocamrun.
366 2342 447 2375 Videtur
459 2341 511 2383 quod
523 2341 589 2382 passio
601 2344 620 2374 et
632 2341 731 2383 passibilis
743 2341 826 2383 qualitas

115 2396 177 2437 speeie
189 2394 287 2428 differant.
306 2396 355 2428 Nam
367 2395 415 2428 illud
427 2404 465 2427 uon
478 2394 578 2427 constituit
590 2395 673 2436 speciem
686 2403 729 2427 cum
741 2394 783 2435 alio,
796 2395 826 2427 cui

72 2459 112 2482 non
124 2448 214 2482 convenit
226 2447 275 2481 ratio
287 2448 339 2482 illius
351 2448 434 2490 generis.
455 2448 492 2482 Sed
504 2446 595 2480 rubediui
607 2457 631 2480 ex
642 2446 759 2481 verecundia
767 2440 827 2489 ortae,

72 2505 166 2547 quaeest
180 2502 251 2545 passio,
269 2512 308 2536 uon
324 2503 414 2537 convenit
432 2501 519 2536 definitio
535 2501 638 2545 qualitatis,
656 2500 702 2545 quia
720 2500 827 2534 secundum

72 2560 131 2601 illam,
148 2561 170 2593 ut
184 2557 230 2592 dicit
242 2557 374 2601 Philosophus
389 2558 409 2592 in
421 2557 547 2593 Proernam.
563 2566 577 2591 c.
592 2558 607 2599 8,
623 2567 662 2591 non
677 2555 827 2591 denominamur

73 2615 145 2657 quales.
173 2614 226 2656 Ergo
243 2613 310 2656 passio
328 2616 346 2647 et
362 2612 461 2656 passibilis
479 2612 561 2655 qualitas
573 2622 612 2645 non
630 2611 751 2646 constituunt
767 2622 827 2646 unam

74 2678 162 2711 speeiem.

743 2722 761 2754 52
