1846 3062
231 143 338 185 QUAESTIO
349 144 401 177 XXVI
423 144 545 178 ARTICULUS
556 144 579 178 IV
743 133 781 172 185

91 245 106 277 2.
119 243 224 282 anranan,
241 241 293 284 illud,
310 241 364 276 cuius
380 243 452 276 veritas
471 245 500 276 est
514 242 626 283 immobilis
644 244 721 283 oportet
738 250 782 274 esse

27 301 105 333 certum.
126 297 164 330 Sed
171 296 191 329 in
200 305 322 339 quacumque
334 305 391 330 cansa
403 297 530 331 determinata
541 297 566 331 ad
578 306 636 330 snum
648 295 740 330 eiiectum
752 297 783 328 est

26 352 69 386 talis
82 350 159 385 veritas.
180 350 233 393 Ergo
241 352 260 383 et
269 349 374 391 certitud03
386 350 438 384 unde
450 350 496 384 haec
506 360 546 384 non
558 354 588 384 est
595 349 676 393 propria
686 348 781 383 scientiae.

91 406 106 439 3.
122 404 226 441 anranm,
241 404 294 446 quod
308 406 339 437 est
353 413 455 438 comruune
470 404 541 447 multis,
556 415 596 438 non
607 407 672 447 potest
683 413 727 437 esse
738 413 783 446 pro-

26 459 91 502 primn
103 458 167 491 unius.
191 457 229 491 Sed
241 457 336 491 certitudo
348 458 441 505 convenit·
449 458 544 500 pluribus
559 458 649 492 convenit
664 458 715 492 enim
727 456 782 491 intel-

26 511 88 553 lectui,
97 511 206 553 sapientiae,
217 510 264 544 iidei
272 511 349 545 divinae
356 515 375 544 et
383 511 469 553 opinioni
478 512 519 545 sive
528 521 585 546 verae
593 512 634 546 sive
641 511 707 545 falsae.
727 511 782 553 Ergo

26 575 65 600 non
78 567 107 598 θεῖ
118 565 199 607 propria
211 564 306 598 scientiae.

92 640 126 674 San
136 651 198 673 comm
208 651 237 672 rsa
249 641 302 683 qnod
314 640 408 675 certitudo
420 651 459 675 non
471 644 535 683 potest
547 641 614 675 haberi
626 642 649 675 de
661 641 731 684 aliquo,
743 641 782 675 nisi

27 694 89 738 possit
101 693 202 728 diiudicari
213 703 249 736 per
260 694 362 737 proprium
375 694 497 737 principium.
517 695 555 729 Sed
563 695 599 729 lroc
607 698 682 729 tantum
691 696 782 730 convenit

28 748 121 791 scientiae,
133 748 153 781 in
165 758 204 791 qua
215 748 297 783 habetur
305 749 400 783 certitudo
408 749 432 783 de
440 749 596 784 conclusionibus
604 759 640 792 per
648 750 743 793 principia
754 750 782 784 in-

28 803 191 838 demonstrabilia.
215 803 268 847 Ergo
281 803 375 838 certitudo
387 806 417 838 est
428 803 508 847 propria
521 804 615 838 scientiae.

93 892 191 925 Rrsecnnao
203 902 282 925 arcannm
294 892 346 935 quod
359 892 453 926 certitudo
465 896 495 926 est
507 892 587 936 propria
599 892 694 927 scientiae.

92 946 122 980 Ad
129 946 183 980 cuius
190 946 306 980 intellectum
313 946 350 980 tria
356 946 514 989 praemittuntur.
528 947 602 990 Princo,
610 947 663 990 quod
668 947 782 982 intellectas

25 1000 136 1044 arescibilis,
150 1010 193 1034 cum
206 1003 299 1044 quantum
313 1001 338 1034 sit
350 1001 373 1035 de
386 1011 411 1043 se,
424 1001 449 1035 sit
460 1002 483 1035 in
491 1001 585 1044 potentia
593 1004 683 1044 respecta
691 1002 782 1036 enniani

28 1055 194 1097 inteiiiyibilinm
206 1055 323 1098 forannani,
338 1056 387 1090 sicut
398 1059 417 1089 et
429 1055 509 1089 materia
520 1056 584 1098 prima
595 1058 685 1098 respectu
694 1056 781 1089 omnium

29 1108 148 1143 sensibilium
161 1109 275 1151 formarum,
292 1113 321 1143 est
333 1110 390 1143 etiam
403 1113 496 1153 quantum
509 1113 539 1144 est
551 1111 574 1144 de
587 1119 607 1144 se
619 1120 661 1144 non
672 1110 739 1153 inanis
751 1111 782 1144 de-
837 1149 839 1151 ‚

28 1163 143 1197 terminatus
155 1164 232 1206 adhoc,
245 1164 297 1207 quod
309 1165 412 1198 adhaereat
424 1164 559 1207 compositioni
571 1175 629 1207 quam
642 1164 738 1206 divisioni,
751 1165 782 1198 vel

28 1228 38 1251 e
50 1228 150 1252 converso.
170 1217 232 1251 Omne
243 1221 307 1252 antem
320 1219 372 1261 quod
384 1222 414 1252 est
425 1219 575 1252 determinatum
584 1219 608 1251 ad
617 1219 660 1259 duo,
672 1228 712 1252 non
720 1219 782 1252 deter-

28 1272 113 1306 minatur
125 1272 149 1305 ad
161 1282 222 1306 unum
234 1282 301 1306 eorum
313 1272 351 1306 nisi
363 1282 398 1315 per
410 1273 483 1315 aliquid
490 1283 570 1306 innocens
578 1273 650 1314 ipsum.
670 1273 782 1306 Intellectus

28 1330 91 1360 autem
107 1326 206 1368 possibilis
222 1336 261 1360 non
273 1329 363 1360 movetur
375 1327 413 1359 nisi
424 1336 436 1359 a
447 1327 530 1368 duobus,
543 1336 568 1360 sc.
581 1326 687 1369 aproprio
700 1326 781 1367 obiecto,

28 1380 80 1422 quod
93 1383 122 1414 θεῖ
133 1381 197 1414 forma
208 1380 340 1423 intelligibilis,
353 1390 378 1414 sc.
386 1381 440 1423 qaoa
452 1381 501 1423 qnid
513 1383 545 1421 est,
559 1384 577 1413 et
589 1391 602 1413 a
611 1381 719 1421 conanae,
733 1389 783 1422 quae

29 1437 93 1468 movet
105 1443 173 1468 omnes
185 1434 231 1468 alias
243 1433 301 1468 uires.
325 1434 356 1468 Sic
366 1434 427 1476 igitur
438 1434 546 1468 intellectus
561 1437 628 1467 noster
642 1433 742 1476 possibilis
755 1443 783 1467 re-

29 1491 96 1530 spectu
109 1488 195 1530 partium
211 1487 367 1522 contradictionis
384 1497 404 1521 se
420 1488 478 1521 habet
494 1488 632 1522 diversimode.
658 1487 784 1529 Quandoque

28 1541 79 1575 enim
91 1552 133 1575 non
145 1542 260 1576 inclinatae·
270 1543 337 1584 ilicinis
350 1542 377 1575 acl
389 1552 452 1575 cinara
464 1551 525 1584 accam
538 1542 566 1575 act
578 1542 642 1583 actitat,
659 1541 690 1575 vel
702 1544 783 1583 propter

29 1596 124 1629 deiectum
136 1595 262 1636 moventium,
275 1595 324 1629 sicut
335 1595 401 1628 inillis
410 1595 571 1637 problematibus,
583 1595 606 1628 de
616 1595 689 1637 quibus
698 1594 784 1628 rationes

28 1658 67 1682 non
83 1649 183 1690 habemns,
201 1649 232 1682 vel
250 1653 330 1691 propter
348 1652 473 1691 apparentem
491 1648 625 1691 aequalitatem
643 1658 717 1689 eorum,
735 1658 784 1691 quae

29 1705 107 1736 movent
119 1703 144 1736 ad
155 1705 258 1745 utramque
270 1705 355 1744 partem:
368 1705 386 1736 et
397 1702 435 1735 ista
446 1704 477 1735 est
489 1702 603 1736 [lichitantis
615 1702 722 1744 dispositio,
735 1711 784 1744 quae

28 1756 109 1790 ilnctnat
120 1756 174 1790 inter
186 1757 238 1791 actas
247 1759 318 1799 pccrtes
331 1756 506 1790 contradictionis.
532 1755 657 1799 Qccaizcloqnc
671 1765 718 1790 uero
730 1756 784 1789 intel-

28 1810 89 1844 lectus
100 1810 215 1844 inclinatio·
224 1811 291 1852 incipis
300 1811 328 1844 aci
337 1820 400 1844 cilicina
409 1820 470 1853 qaam
478 1811 506 1844 acl
515 1811 606 1852 atterant,
621 1811 655 1843 sed
663 1812 728 1843 tamen
735 1809 784 1842 illud

28 1863 123 1898 inclinans
135 1874 177 1898 non
188 1864 312 1898 sufficienter
320 1867 385 1897 irroret
393 1864 510 1897 intellectum
520 1864 544 1897 ad
554 1865 594 1904 hoc,
607 1864 659 1905 quod
668 1864 784 1897 determinet

29 1917 93 1960 ipsum
105 1918 125 1951 in
137 1927 195 1952 unam
208 1918 292 1961 partium
306 1917 398 1959 totaliter,
411 1917 462 1951 unde
471 1917 539 1960 accipit
548 1917 626 1960 (pridem
635 1927 694 1951 unam
702 1920 784 1959 partem,

29 1976 93 2006 tamen
106 1982 182 2015 semper
194 1971 270 2006 dubitat
282 1972 305 2006 de
317 1971 415 2015 opposita:
428 1975 446 2005 et
458 1972 504 2006 haec
516 1974 546 2005 est
557 1971 659 2014 dispositio
672 1971 782 2015 opinantis,

29 2027 62 2070 qui
74 2027 143 2071 accipit
154 2037 218 2062 ciniani
227 2029 309 2071 piantem
324 2027 492 2062 contradictionis
509 2036 553 2061 cacia
568 2027 678 2061 torinidine
693 2026 783 2061 alterins.

32 2082 157 2125 Qrcanclcqnc
173 2092 220 2116 vero
234 2082 342 2116 intellectus
357 2081 457 2124 possibilis
472 2082 613 2116 determinatur
630 2082 654 2115 ad
672 2082 713 2123 hcc,
731 2082 784 2125 quod

30 2137 121 2171 totaliter
132 2137 236 2171 adhaereat
247 2137 281 2171 uni
293 2137 349 2179 parti,
362 2137 396 2170 sed
408 2136 444 2170 hoc
456 2139 485 2170 est
497 2137 614 2179 quandoque
626 2137 650 2170 ab
662 2136 783 2179 intelligibili,

30 2192 146 2235 quandoque
158 2201 169 2225 a
180 2192 283 2226 voluntate.
303 2191 333 2226 Ac
345 2191 475 2234 intelliaibili
483 2191 561 2234 quidem
570 2191 687 2234 quandoque
695 2191 784 2232 mediate,

30 2246 146 2289 quandoque
158 2246 273 2280 immediate.
296 2245 419 2288 Incmediate,
438 2245 516 2287 quando
531 2256 555 2279 ex
570 2245 618 2288 ipsis
629 2245 784 2288 intelligibilibus

30 2299 94 2333 statim
107 2299 179 2334 veritas
191 2299 347 2343 propositionum
359 2299 509 2341 intelligibilium
521 2299 647 2334 infallibiliter
659 2302 749 2342 apparet:
766 2303 785 2334 et

30 2352 76 2387 haec
87 2357 117 2387 est
129 2354 231 2397 dispositio
240 2354 374 2396 intelligentis
381 2353 494 2396 principia,
507 2363 557 2395 quae
566 2354 631 2387 statim
640 2357 785 2397 cognoscuntur

29 2407 80 2440 notis
93 2408 187 2442 terminis.
211 2409 235 2442 Et
248 2408 275 2442 sic
287 2419 308 2443 ca
319 2409 363 2452 ipsc
376 2409 429 2451 qamt
444 2408 494 2450 qnid
510 2411 537 2442 cst
552 2408 659 2442 intellectus
674 2408 785 2442 immediate

30 2461 170 2495 determinatur
188 2463 212 2496 ad
229 2462 342 2497 huiusmodi
359 2461 508 2505 propositiones.
532 2463 620 2496 areanae
636 2473 688 2502 vero,
706 2463 785 2504 quamlo

30 2515 117 2556 conicitis
140 2516 296 2551 cleiiiiitionibnc
319 2516 451 2551 terminorum
470 2516 578 2550 intellectus
599 2517 740 2551 determinatur
760 2518 784 2550 ad

30 2568 109 2601 alteram
121 2573 196 2610 partem
209 2571 366 2605 contradictionis
378 2571 452 2604 nirtntc
460 2570 577 2613 primorum
586 2571 750 2613 principiorem:
766 2575 786 2605 et

29 2622 67 2655 ista
78 2624 108 2656 est
120 2623 222 2665 dispositio
233 2625 319 2659 scientis.
346 2625 470 2667 Qicancloqne
481 2634 529 2658 vero
543 2624 652 2658 intellectus
666 2635 706 2659 non
720 2629 786 2668 potest

30 2676 154 2710 determinari
164 2679 188 2711 ad
196 2679 276 2712 alteram
285 2683 360 2721 partem
369 2678 531 2720 contradictionis,
542 2688 606 2721 neque
614 2679 679 2713 statim
688 2689 724 2722 per
731 2679 786 2723 ipsas
