1846 3062
136 125 173 161 158
350 132 457 173 Quaestio
469 133 513 165 xxu
536 133 657 165 :turturibus
669 134 676 164 l

135 229 261 263 sensibilium.
283 229 347 262 Tertio
360 229 422 270 modo,
435 239 470 263 terre
479 230 548 272 primo
561 240 596 264 nec
606 240 643 272 per
654 240 678 272 sc,
692 230 726 263 scd
735 240 773 272 per
786 230 888 271 (recideram

135 284 184 317 sicut
196 284 215 316 iu
228 284 272 317 visu
284 286 314 316 est
326 282 432 316 similitudo
445 283 533 325 hominis,
550 294 588 317 non
603 284 718 326 inquantum
733 284 838 325 esthemo,
854 285 887 317 sed

134 338 249 379 inquantum
262 337 306 370 lmic
318 338 402 370 colorato
416 337 484 370 accidit
499 347 541 371 esse
557 337 660 371 homiuem.
684 338 708 370 Et
724 338 747 371 de
763 337 889 371 sensibilibus

135 391 213 432 ‹ptidem
226 390 365 425 contineutibus
380 393 398 424 ct
407 401 445 433 per
460 391 552 425 succidens
567 394 632 433 potest-
646 401 689 425 esse
703 392 775 425 falsum
790 391 887 433 iudicium,

134 445 180 487 qnia
192 454 262 478 sensus
275 454 313 478 non
329 444 399 478 directe
416 445 500 478 retertur
515 445 539 478 ad
554 445 590 486 illa,
609 446 643 478 sed
658 455 693 487 per
708 445 801 486 accidens,
819 446 888 479 velex

135 499 265 541 consequenti,
277 499 392 541 inquantum
405 499 490 532 refertur
502 500 526 532 ad
539 499 580 532 alia.
604 499 659 533 Circa
668 499 757 541 proprio
770 509 816 533 vero
829 499 889 532 sensi·

136 553 180 585 bilia
193 562 262 585 sensns
274 562 313 585 non
325 552 383 586 habet
394 552 463 585 falsam
476 553 605 595 cognitionem
618 553 654 586 nisi
667 563 701 595 per
712 553 800 587 accidens
813 556 831 586 et
839 553 888 587 utin

135 606 268 648 paucioribus:
281 616 305 639 ex
313 616 335 639 eo
346 616 370 639 sc.
380 607 431 647 qnod
441 609 521 648 propter
533 607 702 649 indispositionem
714 607 783 648 organi
794 616 833 640 non
846 616 889 640 con-

135 659 234 693 venienter
252 659 319 701 recipit
337 661 420 693 formam
441 660 558 702 sensibilem,
580 660 629 694 sicut
646 664 726 703 propter
744 661 888 703 corruptionem

135 714 211 756 linguae
223 713 307 747 infirmis
320 713 383 747 dulcia
395 723 460 747 amara
476 724 520 748 esse
536 714 633 748 videntur.
656 715 711 748 Unde
727 724 797 749 sensus
812 724 889 756 semper

135 767 263 809 apprehendit
273 777 313 801 rem
323 770 345 801 ut
354 770 385 807 est,
396 768 434 800 nisi
443 767 468 801 sit
477 768 637 810 impedimentum
646 768 665 801 in
676 778 749 810 organo
756 769 787 801 vel
793 768 812 801 in
820 767 888 801 medio

136 822 160 854 Et
172 822 218 854 haec
230 821 314 863 cognitio
327 821 419 855 sensitiva
432 822 533 855 ordinatur
548 822 572 855 ad
585 823 635 856 duo:
652 832 692 855 quo
709 822 760 855 enim
775 822 833 855 modo
849 824 887 855 tam

135 876 154 908 in
166 875 278 909 bominibus
293 885 352 918 <quam
366 875 386 908 in
401 875 443 909 aliis
458 875 574 910 animalibus
586 876 610 910 ad
623 876 710 918 eorporis
723 876 888 916 sustentationem,

136 930 178 962 clio
197 930 255 962 modo
273 929 380 972 specialiter
397 929 416 962 in
433 930 509 963 homine
525 931 548 963 ad
564 930 692 972 cognitionem
707 929 843 963 intellectivam
858 930 889 963 vel

136 983 274 1024 speculativam
287 984 317 1016 vel
329 983 438 1025 practicam.
463 984 487 1016 Et
501 984 544 1017 ideo
559 983 605 1026 quia
617 993 687 1017 sensus
699 983 778 1025 proprie
791 983 857 1026 vigent
869 982 888 1016 in

135 1037 188 1074 facie,
203 1038 261 1070 lioino
277 1038 335 1070 babet
348 1037 415 1070 taciem
432 1040 519 1078 erectam,
535 1041 556 1070 ut
571 1047 606 1080 per
621 1047 691 1071 sensus
706 1040 725 1071 et
739 1037 842 1080 praecipue
854 1046 889 1079 per

135 1091 205 1131 visum,
218 1092 251 1133 qui
264 1094 293 1125 est
306 1091 395 1125 subtilior
407 1095 425 1125 et
437 1093 503 1133 plures
516 1092 636 1125 differentias
648 1101 714 1124 rerum
727 1092 816 1132 ostendit,
829 1091 889 1124 libere

136 1145 198 1186 possit
210 1154 234 1178 ex
246 1145 298 1178 omni
310 1148 365 1187 parte
378 1145 476 1179 sensibilia
488 1155 604 1187 cognoscere
617 1149 635 1179 et
647 1145 736 1179 coelestia
747 1149 765 1178 et
774 1148 855 1186 terrena,
868 1150 889 1177 ut

136 1208 159 1231 ex
172 1198 263 1232 oinnibus
275 1198 413 1242 intelligibilem
427 1199 503 1242 colligat
515 1199 621 1233 veritatem.

202 1253 271 1295 Tertio,
281 1253 333 1286 nulla
342 1254 428 1295 potentia
436 1253 567 1295 cognoscitiva
575 1253 640 1287 deficit
646 1263 657 1287 a
664 1253 773 1296 cognitione
782 1254 812 1287 sui
820 1252 889 1287 obiecti

136 1307 174 1340 nisi
180 1311 261 1349 propter
267 1307 350 1350 aliquem
358 1308 452 1341 detectum
465 1311 498 1341 aut
507 1308 651 1350 corruptionem
660 1318 721 1349 suam,
730 1318 774 1342 otuu
780 1308 888 1342 secuudum

132 1362 243 1404 propriam
255 1362 355 1396 rationem
368 1363 396 1395 ud
408 1362 543 1405 copuitioucuc
556 1362 604 1396 tutu
620 1362 692 1396 obiecti
707 1363 823 1402 orslozcboy·
841 1361 889 1395 sieut

136 1415 191 1449 visus
206 1425 245 1449 non
262 1415 326 1450 deficit
338 1426 348 1450 a
361 1416 469 1459 cognitione
485 1417 554 1450 eoloris
570 1417 606 1450 nisi
622 1416 685 1459 aliqua
701 1416 824 1458 corruptione
839 1415 889 1449 circa

136 1469 200 1511 ipsum
219 1471 318 1504 existente,
342 1470 410 1504 Onmis
428 1474 492 1504 antem
510 1471 596 1505 deiectus
614 1474 633 1505 et
651 1471 750 1513 corruptio
765 1474 795 1504 est
806 1473 890 1513 practer

137 1527 238 1566 luittorun,
252 1525 297 1567 quia
309 1528 378 1559 natura
390 1525 472 1559 intendit
482 1535 524 1559 esse
533 1526 557 1559 ad
565 1525 703 1568 perfectionem
711 1525 744 1558 rei.
765 1523 889 1566 liupossibile

136 1581 166 1612 est
178 1578 242 1620 igitur,
260 1579 311 1622 qumi
327 1580 352 1612 sit
364 1579 427 1622 aliqua
440 1579 503 1613 virtus
513 1579 651 1622 cognoscitiva,
666 1589 715 1621 quae
730 1579 843 1612 naturaliter
859 1578 889 1612 de-

136 1633 207 1666 ticiata
217 1636 268 1667 recto
277 1633 347 1668 iudicio
357 1634 386 1668 sui
396 1634 469 1668 obiecti.
489 1634 592 1677 Proprium
603 1637 667 1668 autern
677 1633 772 1668 obiectum
781 1633 889 1666 intellectus

136 1689 166 1720 est
178 1697 252 1721 verum.
276 1688 400 1729 Impossibile
412 1691 441 1722 est
453 1688 518 1731 igitur,
533 1689 586 1731 quod
599 1688 624 1721 sit
635 1688 705 1731 aliquis
717 1687 824 1721 intellectus
836 1690 890 1720 natu-

136 1741 202 1774 raliter
214 1742 264 1775 circa
276 1742 403 1784 cognitionem
417 1742 458 1776 veri
471 1744 570 1776 oberrans.

203 1796 238 1829 Est
253 1800 316 1830 autem
332 1797 405 1839 triplos
418 1798 496 1839 produc
512 1797 658 1839 copnosct'tiooe
673 1796 760 1830 uirtutis.
785 1794 890 1835 onceditur

136 1850 187 1883 eninr
200 1850 331 1893 cognoscitiva
343 1851 407 1885 virtus
418 1854 448 1885 est
460 1854 514 1885 actus
526 1851 595 1893 organi
607 1850 718 1893 corporalis,
731 1860 756 1884 sc¹
769 1859 844 1883 sensus.
866 1849 890 1882 Et

136 1904 180 1938 ideo
198 1905 293 1938 obiectum
312 1906 414 1939 cuiuslibet
433 1905 536 1940 sensitivae
554 1905 650 1947 potentiae
667 1908 697 1938 est
714 1904 778 1938 forma
795 1905 853 1946 prout
870 1903 890 1936 in

137 1959 217 1992 materia
229 1960 324 2002 corporali
336 1959 410 1993 existit:
426 1961 477 1994 unde
492 1960 556 1993 curnis
570 1960 656 2002 potentia
671 1959 775 1993 sensitivae
787 1957 848 2001 partis
861 1960 890 1991 est

137 2014 268 2056 cognoscitiva
276 2014 421 2056 particularium
431 2018 511 2048 tanturn.
533 2015 638 2055 octoadem
647 2017 711 2047 antem
720 2013 783 2047 virtus
793 2012 890 2055 cognosci-

137 2068 176 2101 tiva
185 2074 219 2108 est,
230 2078 279 2110 qtme
287 2078 349 2111 neque
358 2072 387 2102 est
395 2072 449 2103 actus
458 2069 526 2112 organi
535 2068 642 2111 corporalis
650 2078 713 2111 neque
721 2071 751 2101 est
760 2067 890 2110 aliquomodo

137 2123 233 2164 corporali
250 2123 341 2156 materiae
359 2124 468 2157 coniuncta:
487 2124 536 2157 sicut
553 2123 661 2156 intellectus
677 2122 781 2165 angelicus.
806 2122 830 2155 Et
846 2121 890 2155 ideo

137 2176 195 2210 liuius
210 2177 289 2211 virtutis
305 2178 446 2223 cognoscitivae
462 2179 557 2212 obiectum
574 2181 604 2211 est
618 2177 682 2211 iorma
697 2177 739 2210 siue
753 2176 834 2210 materia
848 2177 890 2210 sub·

137 2232 218 2272 sisteus;
231 2232 267 2265 etsi
279 2232 329 2265 enim
342 2232 447 2266 materialia
458 2235 581 2275 cognoscant,
593 2242 632 2265 non
642 2234 705 2265 tamen
714 2231 751 2264 nisi
760 2231 779 2263 in
787 2230 891 2263 immateri-

137 2285 200 2320 alibus
215 2296 236 2319 ea
251 2286 356 2320 intuentur.
379 2287 495 2321 Intellectus
512 2290 577 2321 autem
596 2288 698 2320 laureanus
715 2285 781 2319 arcadio
796 2285 855 2318 modo
871 2294 892 2318 sc

137 2341 202 2374 lrcbct.
226 2341 269 2374 Non
281 2341 332 2374 enim
344 2344 375 2375 est
386 2345 440 2375 actus
452 2342 533 2375 alicuius
546 2340 619 2384 organi,
632 2340 666 2374 sed
678 2342 742 2373 tamen
754 2341 784 2373 est
796 2338 890 2382 quaedam

137 2395 201 2428 virtus
213 2395 293 2436 animae,
306 2405 354 2437 qnae
367 2399 396 2428 est
407 2396 471 2429 forma
483 2396 576 2438 corporis.
597 2396 622 2428 Et
633 2395 676 2429 ideo
686 2394 796 2437 proprium
808 2393 849 2427 eius
862 2395 891 2427 est

137 2459 253 2492 cognoscere
267 2449 351 2482 formam
367 2449 386 2482 in
397 2450 481 2497 ⁸materia
496 2450 574 2493 quidem
590 2448 685 2491 corporali
697 2448 842 2482 individualiter
854 2447 892 2481 ern*-

137 2507 225 2545 stentem,
241 2514 281 2537 uon
295 2506 359 2537 tarnen
374 2507 433 2546 prout
445 2505 506 2538 estin
519 2504 558 2538 toli
569 2504 655 2537 materia.
679 2503 801 2546 Cognoscere
813 2501 891 2535 veroid

137 2558 190 2600 qnod
204 2558 265 2591 estin
277 2558 358 2592 materia
372 2558 492 2601 individuali,
506 2568 546 2592 non
561 2561 621 2601 prout
635 2561 665 2592 est
679 2557 699 2591 in
714 2557 746 2591 tali
762 2557 847 2598 materia,
862 2557 892 2590 est

137 2612 255 2646 itbstrobero
265 2612 349 2645 territam
362 2622 372 2645 a
384 2613 464 2646 materia
477 2612 596 2654 individuali,
609 2621 667 2655 qnam
676 2613 823 2652 repraesentant
832 2610 892 2652 piran-

137 2669 224 2700 tasnrata.
245 2666 269 2699 Et
277 2666 320 2700 ideo
328 2676 407 2700 necesse
418 2669 448 2701 est
460 2666 528 2709 dicere,
540 2666 593 2710 quod
605 2666 713 2700 intellectus
724 2668 792 2699 noster
802 2663 892 2707 intelligit
