1846 3062
123 97 161 134 ⁴228
325 105 432 147 Quaestio
444 106 496 138 XXXI
519 106 640 139 itnrreunus
652 106 672 137 ll'

123 206 178 243 suut,
191 213 215 237 ex
227 213 249 237 co
262 212 313 244 vero,
326 204 378 246 qttod
391 214 429 238 nou
443 207 488 237 sunt
500 206 554 237 actus
566 203 616 246 puri,
629 203 663 237 sed
675 202 772 245 potentiae
779 202 876 245 permixti,

123 268 162 291 non
177 257 274 291 continent
289 258 354 291 otnma
369 258 496 300 intelligibilia
511 257 531 291 in
546 257 616 300 seipsis
632 260 680 297 actu,
698 259 716 290 91
731 258 877 299 consequenter,

122 311 166 345 licet
181 321 215 354 per
231 321 276 345 snas
291 311 385 345 essentias
402 321 422 345 se
437 311 550 355 intelligant,
567 321 606 345 11911
622 314 687 345 tamen
702 311 766 344 omnia
780 320 816 353 per
831 319 876 343 suas

123 366 218 399 essentias
230 374 346 407 cognoscere
361 368 449 408 possunt,
466 366 499 399 sed
515 368 634 409 cognoscunt
649 365 685 399 alia
700 374 711 398 a
725 374 746 398 se
760 374 795 407 per
810 373 876 397 earum

124 419 266 453 similitudines.
289 419 375 453 ,1919999
393 420 471 453 demunt
489 420 592 454 littrrterzoe
612 419 701 460 essentia,
720 419 766 461 quia
783 421 813 452 est
828 427 877 460 pura

123 474 209 516 potentia
220 473 240 506 11
252 482 323 515 genere
338 472 493 516 intelligibilium,
507 473 551 507 ideo
565 473 597 506 illa
612 482 674 516 neque
692 472 722 507 sui
736 472 799 515 ipsius
815 481 877 515 neque

123 528 206 561 aliorum
218 527 347 570 cognitionem
359 536 394 569 per
407 527 491 569 seipsam
503 527 566 561 facere
578 531 623 561 nata
634 530 671 561 est.

190 581 281 615 Secundo
297 581 348 615 idem
363 584 416 624 patet
430 581 515 615 tutione.
540 581 557 615 T
555 591 588 615 rint
606 580 652 623 11119
667 583 746 615 eatenus
761 579 833 622 aliquid
848 586 878 614 est

125 646 158 670 ens
171 638 189 670 et
200 645 272 676 cernon,
289 638 385 677 quatenus
397 638 427 668 est
439 638 487 669 actu,
511 636 553 669 Non
565 634 616 669 enim
629 635 699 669 donans
712 635 743 669 vel
754 635 820 668 album
833 637 878 668 sunt

124 689 174 730 talia,
186 688 224 723 uisi
236 691 279 723 actu
291 689 374 723 habeant
385 689 480 723 rationem
492 689 563 724 domus
575 692 608 724 aut
620 688 663 723 albi.
682 689 733 723 Nihil
742 691 806 723 autent
814 690 879 731 potest

124 743 215 787 cognosci
227 742 265 777 uisi
276 752 311 776 ens
323 745 342 777 91
353 753 421 777 verum
435 748 453 777 et
465 747 606 787 consequenter
618 742 656 777 uisi
668 745 711 777 actu
721 742 750 777 sit.
771 743 819 777 Terra
828 742 878 784 quia,

124 799 146 830 ut
158 797 213 830 docet
225 796 356 840 Philosophus
367 800 378 832 8
390 797 502 840 hretoptps.
515 807 530 831 o.
539 799 554 840 9,
567 798 680 832 intellectus
691 799 746 831 actus
758 800 792 837 est,
805 800 824 831 et
835 796 878 830 ideo

124 860 151 892 ea,
164 860 213 893 qaae
225 850 365 895 intelliguntur,
378 855 454 894 oportet
466 861 509 886 esse
521 854 569 885 actu.
590 850 690 885 Obiectmn
703 851 754 885 enim
766 850 824 885 debet
835 860 878 884 esse

125 904 294 947 proportionatum
307 905 403 948 potentiae
415 909 434 939 et
445 908 549 948 propterea
561 915 585 939 ex
597 907 639 939 actu
652 904 775 947 cognoscitur
787 904 878 947 potentia,

124 959 188 1001 inquit
200 959 331 1002 Philosophus
344 960 424 994 ibidem.
445 959 544 993 Facientes
554 958 605 993 enim
617 958 690 1001 aliquid
702 961 745 992 actu
754 961 878 1001 cognoscunt,

125 1015 147 1046 ut-
158 1016 211 1055 patet
218 1013 238 1046 iu
247 1013 388 1047 mathematicis
397 1013 566 1055 descriptionibus.
586 1012 635 1052 Quia
644 1022 691 1056 ergo
700 1012 737 1051 illa,
749 1022 798 1055 quae
807 1013 879 1046 habent

125 1076 169 1100 esse
181 1067 273 1101 deficiens
285 1071 304 1100 et
315 1067 456 1109 imperfectum,
471 1070 492 1100 11
504 1069 587 1109 tenipus,
602 1076 685 1100 vacnum
698 1069 716 1100 91
728 1066 764 1100 alia
776 1065 879 1109 praedicta,

125 1123 206 1163 propter
218 1121 382 1163 imperfectionem
396 1120 426 1154 sui
437 1130 480 1154 esse
496 1121 603 1154 secundum
618 1120 682 1163 seipsa
698 1123 743 1154 sunt
755 1129 824 1162 parum
837 1129 880 1162 cog-

125 1174 230 1215 noscibilia,
243 1179 264 1208 nt
276 1174 321 1208 dicit
333 1174 426 1208 Boethius
437 1175 457 1208 iu
469 1175 501 1208 lib.
514 1175 538 1209 de
550 1175 634 1209 Dracone
642 1174 732 1216 Netinis,
746 1174 788 1208 ideo
801 1173 879 1207 difficile

126 1228 263 1270 cognoscibilia
276 1231 321 1262 sunt
333 1229 357 1262 ab
369 1229 472 1262 intellectu.

192 1282 248 1321 Quod
260 1291 307 1315 vero
316 1285 409 1325 quantum
419 1283 447 1316 ed
456 1282 510 1316 talias
519 1292 554 1324 reu,
568 1291 617 1324 (1199
625 1281 718 1315 nimirum
727 1284 773 1315 sunt
780 1281 880 1316 riedairrtde

127 1336 222 1377 eretitotis,
236 1339 257 1369 ut
269 1346 318 1378 quae
331 1340 376 1370 sunt
388 1346 399 1369 a
411 1336 492 1370 materia
504 1338 609 1379 separatae,
622 1335 726 1369 difficultas
735 1336 880 1378 cognoscendae

126 1389 214 1424 veritatis
222 1390 299 1424 illarum
308 1390 382 1423 oriatur
391 1400 412 1424 99
420 1391 496 1424 defectu
504 1392 522 1424 et
530 1389 680 1432 imperfectione
688 1390 753 1424 nostri·
761 1390 878 1430 intellectos,

126 1453 165 1477 uon
177 1453 201 1477 ex
212 1443 261 1485 ipsis
276 1444 340 1484 rebus,
356 1443 382 1477 ita
397 1447 419 1477 ut
432 1443 475 1478 illae
492 1444 598 1478 secundum
614 1453 634 1477 se
649 1442 727 1485 quidem
743 1442 827 1477 11911119
842 1442 881 1477 sint

126 1497 272 1541 cognoscibiles,
287 1507 325 1531 uon
340 1500 404 1531 191191
419 1497 483 1540 quoad
498 1507 539 1537 nos,
555 1498 582 1530 sic
597 1497 697 1539 probatur.
720 1496 745 1531 Ut
759 1497 810 1530 enim
826 1497 881 1531 docet

127 1551 259 1594 Philosophus
274 1551 413 1594 2Metepltps,
430 1551 456 1585 ita
472 1560 492 1585 se
507 1551 564 1585 habet
579 1551 686 1585 intellectus
701 1553 768 1584 noster
783 1551 807 1584 ad
822 1550 881 1584 mani·

126 1604 233 1638 festissima
244 1608 330 1645 naturae,
343 1604 452 1639 cuiusmodi
461 1607 506 1638 suut
514 1605 565 1638 entia
573 1605 675 1646 abstracta,
688 1604 737 1638 sieut
745 1604 794 1638 oculi
804 1613 881 1646 vesper-

127 1657 215 1691 tilionum
228 1659 252 1691 ad
264 1658 326 1692 lucem
339 1658 391 1692 solis.
413 1658 472 1692 Cuius
481 1658 530 1691 intio
542 1661 577 1700 est,
589 1657 634 1700 quia
646 1667 688 1692 cum
699 1657 806 1691 intellectus
814 1659 881 1692 noster

128 1710 228 1754 possibilis
238 1712 263 1745 sit
272 1711 292 1745 in
301 1712 386 1754 potentia
398 1712 422 1746 ad
434 1712 499 1745 onuna
510 1711 642 1754 intelligibilia,
654 1712 679 1745 ad
691 1712 727 1745 hoc
739 1712 791 1754 quod
803 1714 847 1745 actu
854 1710 882 1744 in·

128 1765 205 1809 telligat,
213 1768 289 1808 oportet
296 1766 349 1808 quod
357 1765 376 1799 in
383 1769 446 1799 aetum
454 1766 558 1799 reducatur
564 1775 602 1807 per
609 1766 690 1807 9111991
696 1766 775 1808 speeies.
787 1765 837 1798 Nam
843 1764 882 1798 ani-

128 1819 359 1853 1111111191119111111119
366 1820 385 1853 in
394 1819 461 1853 ordine
469 1819 622 1853 substantiarum
630 1819 795 1860 intellectivarnm,
803 1819 882 1853 minime

127 1874 245 1915 participans
254 1875 277 1907 de
286 1873 358 1907 virtute
366 1874 487 1907 intellectiva.
507 1874 542 1907 Est
551 1873 602 1907 enim
611 1874 717 1907 secuudum
726 1875 816 1907 naturam
826 1883 881 1907 suam

128 1930 184 1961 nctus
197 1928 292 1970 corporis,
308 1928 352 1961 licet
366 1928 408 1962 eius
424 1927 510 1971 potentia
521 1927 637 1962 intellectiva
648 1937 687 1961 non
700 1927 725 1961 sit
737 1930 791 1961 actus
803 1928 881 1971 organi:

128 1981 180 2015 uude
190 1985 209 2015 et
217 1982 275 2016 habet
283 1982 391 2016 naturalem
401 1982 529 2025 aptitudinem
538 1982 566 2016 ed
576 1982 734 2024 cognoscendum
743 1982 882 2024 corporalitate

128 2038 147 2069 et
158 2036 286 2070 sensibilium
294 2036 403 2070 ceritatem.
423 2036 548 2079 Impossibile
557 2036 616 2079 igitur
625 2039 660 2078 est,
672 2036 725 2079 quod
734 2037 797 2070 anima
806 2037 883 2080 corpori

128 2089 182 2124 unita
194 2094 298 2134 cognoscat
309 2091 332 2125 de
341 2091 422 2125 veritate
430 2101 497 2125 reruni
505 2090 543 2124 nisi
551 2100 586 2132 per
595 2090 668 2133 species
676 2093 764 2133 acceptas
773 2101 783 2124 a
792 2091 883 2125 sensibus

128 2147 147 2177 et
159 2144 266 2178 illustratas
278 2145 350 2179 lumine
362 2145 470 2179 intellectus
482 2145 562 2187 agentis,
575 2145 621 2187 qiua
633 2145 682 2178 sicut
694 2144 739 2178 dicit
751 2145 883 2188 Philosophus

128 2200 138 2232 3
151 2198 262 2233 (1911911111
276 2209 291 2233 9.
303 2202 318 2241 7,
335 2199 384 2233 11911
399 2208 419 2233 19
434 2199 506 2234 liabent
521 2199 595 2233 colores
610 2199 634 2232 ad
649 2199 719 2239 visum,
734 2198 760 2232 ita
777 2208 797 2233 se
811 2199 884 2233 habent

129 2253 265 2296 phantasmata
277 2253 301 2288 acl
313 2253 436 2288 intellectum.
461 2253 510 2288 Cum
527 2262 574 2296 ergo
586 2262 625 2286 nou
637 2253 714 2295 possint
726 2262 760 2296 per
773 2262 843 2287 sensus
855 2262 884 2287 19-

129 2307 166 2350 cipi
179 2308 252 2350 species
264 2307 349 2350 19119919
364 2310 532 2350 repraesentantes
548 2316 579 2341 res
592 2316 602 2340 a
614 2306 695 2340 materia
709 2308 822 2348 abstractas,
839 2308 884 2350 quia

129 2362 177 2395 tales
194 2361 268 2404 species
284 2365 329 2395 sunt
344 2362 560 2405 irnproportionebiies
578 2364 596 2395 et
614 2361 670 2403 quasi
686 2361 766 2395 alterins
781 2362 858 2405 generis
873 2372 884 2395 a

130 2414 234 2458 praedictis
246 2417 311 2456 rebus,
323 2415 367 2449 inde
379 2419 413 2458 est,
426 2416 479 2458 quod
490 2416 599 2449 intellectus
607 2418 674 2449 noster
682 2414 761 2450 difficile
769 2418 833 2459 potest
841 2416 884 2450 illas

130 2479 253 2512 cognoscere.

196 2524 251 2557 Unde
266 2523 368 2566 colligitur,
386 2524 439 2566 quod
457 2523 567 2557 immediate
582 2523 629 2556 ferri
644 2532 683 2556 non
698 2526 762 2565 potest
777 2523 884 2558 intellectus

130 2581 197 2611 noster
210 2578 315 2611 secundum
329 2580 400 2611 statum
413 2578 455 2611 viae
464 2578 486 2611 iit
495 2577 600 2612 esserrtiern
610 2577 707 2620 diripera,
721 2578 766 2621 quia
774 2578 885 2613 immediate

130 2634 195 2674 potest
210 2632 310 2679 concipere
325 2631 432 2666 intellectus
450 2632 579 2674 quidditntem
597 2630 625 2665 rei
642 2632 745 2675 sensibilis,
763 2643 803 2667 non
820 2636 884 2668 autern
