1846 3062
116 101 155 139 218
327 110 434 152 Qunnsrro
445 111 490 143 XXX
512 111 634 144 numeneus
646 112 661 143 ll

182 210 197 242 2.
210 209 313 248 anrrnrn,
329 209 443 243 adveniente
458 209 544 252 perfecto
557 212 631 243 tanturn
644 209 718 243 tollitur
729 209 870 252 imperfectum,

115 263 169 306 qnod
181 263 198 297 ei
210 263 320 306 opponitur.
341 263 379 298 Sed
388 263 453 306 opinio
464 274 503 297 non
512 263 617 307 opponitur
630 263 728 304 scicntiae;
741 274 784 297 nam
797 264 829 298 illa
841 267 870 298 est

115 317 200 359 cognitio
212 327 247 360 per
259 317 345 351 medium
357 318 462 360 probabile,
479 319 525 352 haec
538 328 572 361 per
584 318 769 352 demonstrativum:
786 318 870 361 cognitio

117 381 163 405 vero
176 381 210 414 per
223 371 308 406 medium
324 372 425 414 probabile
440 382 479 405 non
496 372 601 415 opponitur
616 371 720 415 cognitioni
735 382 770 415 per
784 372 870 407 medium

116 426 298 460 demonstrativum.
322 427 375 468 Ergo
394 426 472 460 scientia
490 429 509 460 et
523 426 587 469 opinio
605 430 689 469 possunt
706 429 758 460 stare
776 427 833 460 simul
850 427 870 460 in

115 480 184 514 eodem
197 481 274 513 homine
286 481 310 514 dc
322 481 389 514 eadem
401 480 528 514 conclusione.

183 556 215 590 See
224 566 287 588 corrui
294 566 322 588 usr
331 556 383 599 quod
392 556 461 599 opinio,
469 566 518 600 quac
524 560 554 590 est
560 566 595 599 per
602 556 738 600 syllogismum
745 556 870 598 dialecticum,

115 610 203 653 disponit
219 611 242 643 ed
257 610 362 652 scientiam,
380 620 429 654 quae
444 613 473 644 cst
488 620 523 653 per
538 611 674 654 syllogismum
690 611 870 653 demonstrativum

117 664 166 698 sicut
177 664 309 707 imperfectior
320 665 391 699 modus
403 665 518 708 cognitionis
531 665 617 708 disponit
632 666 657 700 ad
668 666 809 708 perfectiorem.
833 666 870 700 Sed

116 719 182 753 habita
193 719 310 762 perfectione
322 729 361 753 non
373 723 403 753 est
413 719 494 753 ulterior
502 720 611 754 neccssaria
623 719 731 763 dispositio,
744 719 793 754 sicut
804 720 870 754 habito

116 773 200 808 termino
212 783 251 807 non
263 776 293 807 est
304 774 426 808 necessarius
438 776 509 808 motus.
534 774 587 817 Ergo
602 784 641 808 non
656 778 740 816 possunt
755 774 812 808 simul
828 784 871 808 csse

116 827 136 860 in
149 827 216 861 eodem
229 827 252 862 de
265 828 331 861 eadem
344 828 472 862 conclusione.

182 915 279 949 Responnro
290 925 369 947 nicenum
381 916 433 958 quod
445 915 464 949 in
477 916 545 950 eodem
553 915 631 949 homine
640 916 664 949 de
673 915 741 949 eodem
750 915 823 949 obiecto
832 925 871 949 non

117 972 200 1011 possunt
210 969 268 1003 simul
279 979 322 1004 esse
334 969 413 1004 scientia
424 973 442 1003 et
454 970 524 1012 opinio.
543 970 572 1004 nd
582 970 636 1004 cuius
645 969 762 1004 evidentiam
771 969 871 1003 sciendum

117 1027 151 1065 cst,
167 1024 220 1067 qnod
232 1034 275 1058 curn
287 1023 351 1067 opinio
364 1024 389 1058 sit
401 1024 514 1067 imperfecta
526 1024 615 1067 cognitio,
631 1023 709 1058 scientia
721 1034 768 1058 vero
780 1024 870 1066 perfecta.

115 1078 228 1121 dupliciter
235 1081 300 1121 potest
308 1078 345 1112 dici
357 1078 421 1121 aliqua
429 1078 513 1122 cognitio
521 1078 644 1121 imperfecto.
667 1078 710 1112 Uno
718 1078 776 1113 modo
784 1088 809 1112 ex
816 1082 871 1121 parte

117 1133 183 1176 teredii,
196 1142 245 1176 quae
253 1132 346 1167 nimirum
355 1132 442 1175 procedit
449 1143 485 1176 per
493 1133 578 1166 medium
587 1132 727 1175 imperfectum,
739 1135 761 1167 ut
770 1135 799 1167 est
808 1133 871 1167 omnis

116 1187 201 1230 cognitio
213 1187 278 1221 habita
290 1197 325 1229 per
337 1187 474 1230 syllogismum
487 1187 577 1230 topicnm.
597 1187 644 1221 Alio
656 1188 712 1221 modo
724 1197 748 1221 ex
760 1190 815 1230 parte
827 1188 871 1221 sub·

117 1242 167 1283 icctc',
184 1251 233 1285 quae
246 1251 271 1275 sc.
283 1241 383 1275 constituit
395 1242 503 1276 subiectum
515 1242 603 1276 absolute
615 1241 635 1275 in
647 1251 690 1276 esse
702 1241 816 1284 imperfecto
831 1251 871 1284 sen,

117 1296 170 1339 quod
181 1296 202 1329 in
213 1295 265 1330 idem
277 1296 332 1338 redit,
345 1295 405 1339 exigit
418 1295 525 1330 subiectum
537 1296 625 1330 absolute
638 1296 778 1339 imperfectum,
790 1295 802 1330 i.
810 1306 825 1330 e.
833 1296 872 1339 pri-

118 1352 184 1384 vatum
193 1351 302 1393 cognitione
311 1351 397 1393 perfecta
405 1351 479 1390 obiecti,
488 1354 509 1385 ut
517 1353 570 1393 patet
577 1350 598 1384 in
605 1350 650 1393 fide,
659 1360 693 1393 spe
703 1354 721 1384 et
729 1353 788 1385 motu.
807 1351 871 1384 Motus

116 1404 168 1438 enim
180 1405 217 1438 hoc
227 1404 276 1447 ipso,
289 1405 341 1448 quod
353 1404 403 1438 inest
416 1405 507 1444 subiecto,
519 1404 619 1439 constituit
628 1405 694 1447 ipsum
702 1404 722 1438 in
730 1414 773 1439 esse
782 1404 872 1447 possibili

117 1459 217 1501 potentiali
228 1463 318 1502 respectu
333 1459 411 1493 termini
426 1463 442 1493 et
457 1469 492 1502 per
507 1468 628 1502 consequens
643 1459 663 1492 in
678 1459 786 1502 privatione
802 1459 872 1493 actuali

117 1513 200 1546 termini.
224 1513 316 1547 Similiter
328 1513 378 1547 fides
390 1517 409 1547 et
421 1523 466 1556 spes
479 1513 599 1547 constituunt
611 1513 719 1547 subiectum
730 1514 751 1546 in
763 1513 871 1556 privatione

118 1567 186 1600 crediti
197 1571 216 1600 et
228 1567 309 1609 sperati3
322 1567 372 1601 fides
384 1567 434 1601 enim
447 1571 477 1601 est
488 1577 581 1602 assensus
591 1567 730 1601 determinatus
739 1577 778 1601 non
787 1567 871 1601 videntis

117 1624 139 1655 ut
152 1621 183 1663 sic]
196 1631 241 1664 spes
254 1631 301 1655 vero
313 1624 342 1655 cst
354 1622 452 1664 appetitus
464 1632 503 1655 non
515 1621 604 1656 habentis
615 1624 637 1655 ut
650 1621 682 1655 sic.

183 1676 211 1709 Ec
219 1678 281 1718 perte
293 1675 358 1718 icitur
369 1675 431 1709 predii
446 1675 540 1710 differunt
555 1675 644 1718 cognitio,
660 1685 709 1718 quae
724 1678 754 1709 est
769 1675 793 1709 de
808 1675 872 1717 eliqua

116 1729 239 1763 conclusione
248 1739 283 1772 per
291 1729 377 1763 medium
385 1729 566 1771 demonstrativum,
579 1733 598 1763 et
606 1739 633 1771 ea,
644 1739 693 1772 quac
705 1732 734 1763 est
743 1738 778 1771 per
786 1728 872 1763 medinm

117 1784 223 1826 probabile.
247 1784 277 1817 Ex
288 1787 343 1826 parte
356 1794 403 1818 vero
414 1784 499 1818 selbiccti
511 1784 605 1818 differunt
618 1784 724 1818 secundum
736 1783 844 1825 perfectum
854 1786 872 1817 et

117 1838 252 1880 imperfectum
265 1838 344 1872 seientia
356 1842 375 1872 et
386 1838 457 1881 opinio.

183 1893 211 1926 De
222 1893 297 1927 ratione
309 1892 358 1927 euim
370 1893 460 1927 scientiae
472 1903 511 1927 non
523 1893 586 1927 solum
599 1896 633 1934 est,
646 1892 732 1935 quodid,
744 1892 797 1935 quod
806 1891 872 1933 scitur,

118 1946 143 1980 sit
154 1946 275 1989 impossibile
287 1947 342 1981 aliter
354 1957 375 1981 se
386 1947 463 1989 habere,
476 1951 494 1980 ct
502 1957 538 1990 per
546 1956 667 1990 consequens
677 1946 702 1980 sit
710 1946 794 1989 cognitio
803 1945 872 1980 obiecti

116 2001 221 2034 necessarii
233 2011 268 2043 per
280 2001 365 2035 inedium
378 2002 514 2043 necessarium,
528 2002 562 2035 sed
574 2001 631 2035 ctiam
643 2001 695 2044 quod
705 2000 827 2034 existimetur
838 2000 873 2033 im·
889 1992 893 1997 ⁹

117 2055 210 2097 possibile
222 2055 276 2088 aliter
289 2065 309 2089 se
321 2056 397 2097 habere,
409 2058 431 2089 nt
443 2055 662 2096 dicitn1·1Postcr.c.2‚
675 2057 693 2089 et
702 2064 737 2097 per
746 2064 872 2097 consequens,

116 2109 170 2152 quod
185 2109 255 2142 habeat
269 2109 347 2143 firmam
365 2109 496 2143 inhaesionem
514 2119 558 2143 cum
574 2109 649 2143 visione
665 2108 797 2142 intellectuali:
815 2109 873 2142 habet

117 2163 169 2197 enim
181 2162 315 2197 certitudinem
328 2164 464 2205 procedentem
477 2173 501 2197 ex
513 2163 610 2197 intellectu
622 2162 771 2205 principiorum
784 2162 872 2201 undefit,

118 2221 139 2251 ut
156 2217 210 2251 tollat
226 2217 351 2251 formidinem
368 2217 468 2260 oppositae
486 2217 553 2260 partis.
576 2217 601 2251 ne
619 2216 693 2251 ratione
711 2227 758 2251 vero
776 2216 872 2259 opinionis

118 2272 206 2306 similiter
218 2282 257 2305 non
269 2274 344 2305 tantum
357 2275 391 2314 esty
406 2273 459 2315 qnod
475 2272 499 2305 sit
515 2271 599 2315 cognitio
614 2280 650 2313 per
665 2271 750 2304 medium
766 2270 872 2313 probabile,

117 2326 221 2360 sedetiam
234 2326 287 2368 quod
301 2325 326 2365 id,
341 2327 394 2368 quod
409 2329 439 2359 est.
453 2326 559 2369 opinatum,
575 2326 592 2360 si
606 2328 671 2359 tamen
683 2334 707 2358 ex
720 2334 754 2359 sne
766 2327 836 2358 natura
848 2324 873 2358 sit

117 2380 249 2414 necessarium
265 2383 284 2413 et
298 2379 419 2422 impossibile
436 2380 491 2414 aliter
509 2390 529 2414 se
548 2380 624 2420 habere,
642 2379 764 2413 existimetur
780 2379 873 2422 possibile

117 2434 173 2468 aliter
181 2444 201 2468 se
210 2435 287 2476 habere,
295 2438 314 2468 ct
323 2438 464 2477 consequenter
472 2435 525 2477 qnod
533 2434 638 2477 accipiatur
647 2443 708 2467 unum
717 2443 760 2467 cum
768 2433 872 2467 formidine

117 2488 197 2522 alterius
207 2488 292 2531 oppositi
305 2489 370 2531 sicque
379 2499 418 2522 non
427 2489 497 2523 habeat
508 2489 587 2522 firmam
595 2487 732 2522 inhaesionem.
748 2488 873 2522 Manifestum

117 2546 147 2576 est
158 2546 228 2584 autem,
243 2543 296 2585 quod
311 2543 418 2585 perfectum
431 2546 449 2577 et
460 2543 596 2586 imperfectum
612 2552 651 2576 non
664 2545 747 2585 possunt
759 2542 818 2576 siuml
829 2552 873 2576 esse

118 2598 225 2631 secundum
237 2597 297 2638 ide1n;
314 2597 347 2631 sed
363 2607 389 2639 ea,
402 2607 451 2640 quae
463 2597 558 2631 differunt
570 2597 676 2631 secundum
689 2597 797 2640 perfectum
809 2600 827 2631 et
839 2596 873 2630 im·

117 2652 230 2694 perfectum.
243 2652 349 2685 secundum
362 2652 435 2694 aliquid
447 2652 498 2685 idem
510 2655 593 2694 possunt
602 2661 644 2685 esse
653 2651 672 2684 in
681 2651 745 2694 aliquo
753 2651 790 2685 alio
799 2651 873 2685 eodem.
