1846 3062
100 114 111 149 ὃ
326 120 433 162 QUAESTIO
445 121 452 153 1
475 120 596 154 ARTlCULUS
608 122 630 153 ill

101 220 124 253 de
136 220 195 253 rebus
207 222 292 253 naturae.
316 219 341 252 Et
352 219 388 251 hoc
399 217 448 260 ideo,
463 218 509 261 quia
521 229 570 253 usus
582 218 751 253 Demonstrativae
765 219 856 253 consistit
918 253 922 266 k

101 274 120 307 in
135 274 206 308 utendo
222 272 322 316 principiis
339 281 410 315 rerum,
428 272 452 306 de
469 272 541 316 quihus
559 272 582 306 111
597 273 743 314 demonstratio,
762 283 811 316 quae
829 273 865 307 ad
918 271 921 301 ἰ

102 327 190 362 scientias
204 328 265 361 reales
281 327 383 370 pertinent,
399 336 437 360 non
452 327 472 361 in
484 328 556 362 utendo
568 326 636 370 logicis
648 326 793 362 intentionibus.
818 327 854 362 nst
919 322 921 329 ’

101 385 170 423 antem,
183 381 288 415 secundum
298 382 351 423 quod
360 381 475 423 esiconem,
487 380 645 416 Deruonstrativa
653 391 699 416 vere
712 381 796 424 scientia
808 381 853 425 quia

101 435 150 469 circa
159 435 274 469 intentiones
284 434 365 469 rationis
377 439 473 476 versatur,
486 436 638 470 demonstrative
651 436 742 477 docendo,
755 436 853 479 quomodo

101 491 149 523 fiant
163 488 327 523 ‹lenionstratiuae
339 489 429 524 scientiae
442 500 476 524 seu
488 490 586 533 quomodo
598 499 633 533 per
645 490 688 524 illos
700 489 779 532 procedi
790 490 854 532 possit

101 544 125 577 ad
133 543 266 577 conclusiones
278 543 299 576 in
311 543 394 586 singuiis
407 543 491 577 scientiis
504 543 657 577 demonstrative
669 543 804 578 ostendendas.
829 544 856 577 Et

101 597 128 630 sic
139 596 264 630 manifestum
276 600 310 638 est,
323 597 375 640 quod
388 598 434 631 haec
446 597 533 632 doctrina
545 600 575 631 est
587 597 670 631 scientia¹

165 651 191 684 ,10
203 661 264 682 1111111111
277 661 319 683 unio
331 662 410 683 1111111111
422 652 475 694 quod
487 661 557 685 sensns
567 651 680 694 Philosophi
692 655 727 693 est,
739 661 783 685 cum
793 651 813 684 in
822 652 853 685 ad·

100 705 192 739 discendo
204 705 334 747 incipiendum
348 705 372 739 sit
384 706 408 739 ab
420 715 448 747 eo,
460 715 484 739 ex
496 706 551 739 cuius
563 704 671 748 cognitione
681 704 764 748 cognitio
773 715 854 747 sequen-

101 759 149 793 tium
164 759 264 801 dependet,
279 759 343 801 primo
358 759 399 793 loco
415 759 551 803 addiscendam
567 768 610 793 θεεθ
625 758 721 802 Logicam,
738 757 783 801 qnia
798 759 853 792 docet

101 813 180 845 modum
189 812 307 854 procedendi
315 821 437 846 communem
447 812 538 846 omnibus
547 811 637 846 scientiis.
656 812 711 850 Qnod
720 822 759 845 non
767 811 856 854 impedit,

101 865 206 908 quominus
215 866 285 907 Logica
295 866 319 899 sit
328 866 408 899 dicenda
417 866 500 908 scientia,
509 876 553 899 cum
562 865 714 899 demonstrative
722 866 786 899 tradat
795 865 853 899 talem

101 921 186 960 niodum,
199 922 220 952 ut
232 918 304 952 dictum
317 923 351 952 cst.

166 974 192 1006 An
207 983 289 1005 succincti
304 983 382 1005 1111101111
399 973 451 1014 quod
466 971 597 1014 Philosophus
612 972 698 1014 loquitur
713 972 736 1006 de
752 971 853 1006 Dialectica

102 1027 207 1060 secundnm
220 1026 272 1068 quod
285 1030 315 1059 est
326 1029 389 1059 utens.
412 1026 437 1059 Ut
450 1026 477 1059 sic
488 1026 539 1059 eninr
554 1035 593 1059 non
608 1028 638 1059 est
654 1025 737 1068 scientia,
754 1020 807 1059 sicut
818 1034 853 1059 nec

102 1079 209 1122 Sophistica
221 1082 284 1113 utens.
303 1079 389 1122 Utraque
401 1082 470 1121 tamen,
482 1082 503 1112 ut
514 1079 605 1121 (linimus,
617 1082 647 1112 θεῖ
659 1079 737 1113 scientia
746 1080 853 1114 secundum

101 1134 152 1176 quod
166 1137 195 1167 est
207 1134 284 1167 docens.

437 1220 486 1227 aa„
510 1223 540 1230 Νη

365 1307 486 1341 Antiochus
498 1308 590 1341 TERTIUS

142 1406 204 1435 UTRUll
218 1407 268 1436 HAEC
282 1406 373 1436 nccrniut
388 1407 417 1436 sir
431 1406 516 1436 scituris
531 1407 621 1436 rutenico
635 1407 672 1436 vri
686 1407 809 1436 circuietur

133 1514 142 1535 n
150 1514 219 1536 rourum
227 1515 251 1537 su.-
259 1514 364 1537 rsocnuurn.
379 1504 460 1538 Videtur
468 1504 520 1547 quod
530 1504 576 1538 haec
584 1504 672 1539 doctrina
681 1504 705 1538 sit
714 1503 793 1538 scientia
800 1514 856 1546 praev

143 1558 185 1592 tica.
208 1558 279 1601 Logica
297 1558 347 1592 enini
363 1558 433 1592 dicitur
449 1568 481 1592 ars
496 1559 573 1598 artium,
590 1568 613 1592 eo
631 1559 683 1600 qnod
698 1567 734 1592 nos
750 1557 817 1601 dirigit
834 1557 854 1592 in

102 1616 146 1646 actu
160 1612 246 1654 rationis,
264 1622 275 1645 a
293 1623 331 1655 quo
350 1621 417 1646 omnes
435 1615 487 1645 artes
503 1612 616 1654 procedunt.
640 1612 677 1646 Sed
691 1621 730 1653 ars,
747 1616 769 1645 ut
783 1612 854 1646 dicitnr

102 1666 188 1700 61111110.
204 1676 218 1699 c.
231 1667 241 1699 3
253 1669 272 1699 ct
283 1668 298 1708 4,
313 1669 343 1700 est
357 1666 435 1700 habitus
451 1666 552 1708 practicus.
577 1666 629 1708 Ergo
645 1665 715 1709 Logica
730 1668 760 1700 est
776 1665 855 1700 scientia

102 1720 191 1762 practica.

167 1775 182 1806 2.
198 1774 303 1811 Primnum,
316 1773 394 1807 scicntia
407 1774 530 1816 speculativa,
542 1777 564 1807 ut
575 1773 621 1807 dicit
630 1774 761 1816 Philosophus
774 1775 782 1807 1
793 1773 854 1807 111010-

87 1828 158 1870 popa.
171 1838 185 1861 c.
198 1831 213 1869 1,
229 1827 308 1862 inventa
320 1831 349 1861 est
363 1830 444 1870 propter
458 1827 524 1869 ipsum
540 1828 589 1861 scire
604 1830 662 1870 atque
676 1828 724 1861 adeo
742 1827 772 1861 sni
786 1827 856 1871 gratia.

102 1882 140 1916 Sed
152 1881 223 1924 Logica
234 1891 273 1915 non
287 1884 317 1915 est
328 1881 407 1915 inventa
421 1884 502 1924 propter
519 1881 568 1915 scire
582 1885 601 1915 et
615 1884 696 1924 propter
713 1881 802 1924 seipsam,
821 1881 855 1915 sed

102 1941 182 1978 propter
194 1935 240 1969 alias
253 1935 348 1969 scientias.
372 1935 425 1978 Ergo
438 1934 508 1978 Logica
520 1945 558 1968 non
571 1938 600 1969 est
613 1935 692 1969 scientia
704 1935 827 1977 speculativa.

168 2001 201 2034 Sco
217 2010 279 2032 11111111
294 2010 322 2032 usr
336 2000 389 2043 quod
404 1999 535 2041 Philosophus
550 2002 559 2032 1
572 2001 684 2043 illotophys.
700 2009 715 2033 c.
730 2001 739 2033 1
755 1998 854 2033 scientiam

103 2054 240 2096 speculativam
253 2054 325 2096 colligit
336 2063 367 2087 ex‘
372 2053 416 2096 tine,
429 2054 462 2095 qui
474 2056 504 2087 est
516 2052 599 2096 cognitio
612 2052 705 2087 veritatis.
726 2053 764 2087 Sed
773 2052 857 2095 logicae

102 2106 148 2141 finis
163 2110 192 2141 est
207 2108 290 2149 cognitio
303 2102 415 2158 'veritatum
431 2107 484 2140 modi
497 2116 522 2140 sc.
534 2106 629 2149 arguendi
644 2105 776 2149 probabiliter,
792 2106 858 2149 sophi·
893 2131 903 2141 ,v

103 2161 148 2194 sticc
161 2164 179 2194 et
191 2161 353 2202 demonstrative3
366 2170 410 2194 nani
423 2161 576 2194 demonstrative
588 2160 648 2194 tradit
659 2161 696 2204 hos
708 2161 782 2194 modos¹
801 2161 854 2204 Ergo

102 2215 173 2257 Logica
184 2219 214 2249 θεῖ
225 2215 311 2249 scientio
322 2215 453 2258 speculativa.

167 2269 266 2302 Rrsroxoro
275 2280 354 2302 nicrxouu
365 2269 418 2311 quod
428 2268 499 2312 Logioa
508 2269 657 2312 qtcoclommoclo
666 2278 728 2311 neque
737 2271 767 2303 est
776 2268 855 2303 scicntia

103 2323 220 2365 speculativa
227 2333 289 2367 neque
295 2324 384 2367 practica,
392 2324 426 2358 sed
432 2323 596 2358 introductoriaet
601 2323 857 2367 adininiculatoriautrique

103 2377 158 2415 Quod
170 2378 221 2411 enirn
234 2389 273 2412 non
286 2378 311 2412 sit
323 2378 446 2422 speculativa,
458 2377 583 2413 manifestum
595 2382 629 2422 est,
644 2379 690 2422 quia
701 2381 723 2413 ut
735 2377 780 2413 dicit
792 2378 855 2413 Philo-

104 2433 176 2474 sophus
191 2436 200 2466 1
213 2434 325 2477 lletoplrps.
340 2433 351 2467 1.
367 2436 382 2476 1,
401 2432 480 2468 scientia
497 2433 614 2476 speculativa
632 2443 671 2467 non
687 2436 717 2468 est
734 2433 813 2468 inventa
830 2434 855 2467 ad

103 2487 229 2522 eruditionem
251 2498 285 2523 seu
305 2488 330 2523 ad
349 2487 512 2522 introductionem
532 2488 661 2531 scientiarum,
682 2489 716 2523 sed
735 2490 816 2531 propter
834 2497 855 2522 sc

103 2540 175 2582 ipsam;
191 2542 261 2585 Logica
272 2545 337 2577 autem
349 2545 379 2577 est
390 2542 469 2576 inventa
480 2544 561 2584 proptor
572 2542 700 2577 eruditionem
712 2544 731 2576 et
742 2542 855 2577 introducti·

103 2604 159 2628 onem
175 2595 303 2631 scientiarum.
327 2596 383 2636 Quod
398 2605 445 2629 vero
459 2605 499 2630 non
514 2597 539 2629 sit
552 2596 630 2630 scientia
641 2596 729 2639 practica,
745 2596 855 2631 evidentius

104 2653 178 2684 constat
190 2660 214 2684 ex
226 2659 253 2692 eo,
269 2651 321 2694 quod
338 2650 416 2685 scientia
432 2651 516 2693 practica
532 2654 563 2685 θεῖ
574 2651 598 2685 ad
610 2650 747 2694 perfectionem
760 2654 855 2695 quantum
