1846 3062
291 139 397 180 odansue
409 139 439 171 Vll
461 138 582 171 ARTIGULUS
594 139 607 170 V
801 130 826 167 61

72 240 177 281 augmento
189 237 302 280 viventium⁷
317 240 387 271 neutro
402 237 460 270 modo
475 236 499 270 111
513 236 586 279 aliquid
601 236 664 279 magis
677 238 777 279 quantum,
793 236 827 269 sed

73 293 142 334 nraius,
154 295 176 326 ut
187 303 212 327 ex
224 303 244 327 se
256 295 313 335 patet.

139 347 208 390 Tertio,
223 347 275 389 quod
288 346 313 380 sit
324 346 410 380 1111111111
419 346 529 388 proprium
542 345 655 389 quantitatis
667 348 760 388 tanquam
769 344 827 387 omni,

74 402 110 436 soli
125 404 144 435 et
159 411 236 444 semper
251 401 373 441 conveniens,
392 400 498 434 secundum
516 400 569 433 illam
587 401 671 443 aequale
686 403 704 434 11
718 400 828 442 inaequale

75 456 120 498 dici,
134 455 248 499 intelligitur
260 465 284 489 ex
296 465 323 495 eo,
336 455 393 498 quod,
407 454 456 488 sicut
464 454 595 496 Philosophus
606 455 662 488 docet
673 455 693 488 in
701 454 827 488 Praedicem.

74 520 89 544 o.
97 512 112 552 o,
124 511 278 553 unumquodque
290 512 408 552 quantorum
417 509 487 542 dicitur
495 509 574 551 aequale
582 512 600 542 et
609 508 714 551 inaequale,
726 512 748 543 ut
756 518 828 551 corpus

75 564 146 598 dieitur
163 565 242 607 aequale
260 566 278 597 et
295 564 400 606 inaequale,
418 573 512 597 uumerus
528 572 605 605 quoque
620 566 639 596 et
653 565 736 606 tempus.
760 564 829 598 Cetera

75 628 127 659 1110,
137 628 186 660 quae
193 628 232 652 non
239 621 285 651 sunt
292 620 369 660 quanta,
380 627 419 651 non
429 617 495 660 utique
502 617 594 650 uidentur
600 617 687 658 aequalia
694 620 712 650 et
721 617 829 660 inaequalia

75 672 117 714 dici,
133 674 155 705 ut
170 671 272 714 dispositio
286 672 372 714 aequalis
387 674 406 705 et
417 671 523 713 inaequalis
535 680 575 704 non
586 671 692 704 admodum
704 671 779 713 dieitur,
795 671 829 704 sed

75 726 140 768 potius
151 725 219 760 similis
228 728 246 759 et
255 725 361 759 dissimilis.
374 726 428 767 Nam,
438 725 544 759 secundum
551 724 692 766 Philosophum
699 726 709 758 4
716 725 828 767 Metophps.

75 790 89 814 c.
98 782 124 822 15,
136 789 197 813 unum
206 780 226 813 in
235 780 344 814 substantia
355 780 401 813 iacit
412 780 469 821 idenu
481 789 542 813 unum
550 779 571 812 in
580 778 687 821 quantitate
695 779 741 812 iacit
749 779 828 821 aequale
847 807 850 813 .

75 837 93 868 et
105 844 166 868 unum
177 833 198 868 in
210 834 301 877 qualitate
313 834 358 868 iacit
371 834 438 868 simile.
462 834 535 867 Eadem
550 833 601 866 enim
618 836 669 874 sunt,
684 843 769 876 quorum
785 834 829 866 sub-

76 888 146 922 stantia
158 890 188 921 est
199 898 246 930 una3
260 888 334 930 similia,
347 898 431 931 quorum
443 887 526 930 qualitas
539 890 568 921 est
580 897 627 927 uua;
640 887 732 930 aequalia,
744 896 829 929 quorum

75 942 173 985 quantitas
186 946 215 976 est
227 952 270 976 una.

141 997 253 1030 Notandum
265 999 334 1035 tamen,
347 997 405 1039 quod,
418 996 467 1029 sieut
479 996 551 1038 duplex
563 998 593 1029 est
604 995 707 1037 quantitas,
722 995 783 1028 1110111
796 1005 830 1028 511

75 1049 189 1089 dimensiva,
207 1060 256 1092 quae
271 1053 300 1083 est
315 1050 335 1083 in
350 1050 397 1083 solis
412 1051 471 1083 rebus
487 1049 627 1091 corporalibus,
645 1051 664 1082 et
674 1049 760 1091 virtutis,
780 1058 829 1091 quae

76 1103 182 1137 attenditur
204 1104 311 1137 seeundum
326 1103 464 1145 perfectionem
482 1102 562 1136 alicuius
580 1102 655 1136 formae
670 1103 701 1136 vel
715 1105 796 1135 naturae
811 1105 830 1135 et

77 1157 183 1190 seeundum
190 1167 233 1190 esse
240 1160 259 1190 et
267 1156 398 1199 operationem
406 1156 467 1190 illius:
477 1156 503 1189 ita
510 1156 589 1197 utrique
597 1155 699 1198 quantitati
707 1156 779 1198 duplex
787 1165 831 1188 con-

76 1210 129 1244 venit
137 1210 248 1252 aequalitas.
264 1211 288 1244 Et
297 1211 320 1244 de
329 1210 435 1253 quantitate
445 1210 523 1252 quidem
531 1209 588 1243 molis
597 1209 722 1243 mauiiesturn
730 1212 765 1243 est.
780 1210 830 1242 Nam

77 1273 209 1306 quaecumque
221 1264 330 1306 accipiatur,
345 1264 377 1297 vel
392 1267 422 1297 est
436 1263 522 1305 aequalis
538 1263 569 1296 vel
580 1263 692 1304 inaequalis.
715 1264 743 1296 De
755 1263 830 1305 quanti-

77 1320 115 1350 tate
128 1326 175 1350 vero
184 1318 263 1351 virtutis
276 1317 333 1350 etiam
345 1320 402 1359 patet.
425 1318 479 1358 Nam,
492 1319 514 1349 ut
525 1316 571 1349 dicit
579 1316 694 1358 Fulgentius
707 1317 731 1350 cle
739 1317 790 1350 Fide
802 1317 830 1350 od

77 1371 157 1404 Petrum
169 1380 184 1403 o.
197 1372 211 1412 1,
227 1370 332 1413 aequalitas
344 1370 458 1412 intelligitur
470 1370 490 1402 in
502 1370 564 1410 Patre,
580 1369 628 1402 Filio
641 1371 659 1402 et
672 1370 746 1411 Spiritu
758 1372 830 1410 sancto,

76 1424 97 1456 in
109 1426 203 1466 quantum
215 1425 280 1466 pullus
293 1426 326 1457 aut
337 1423 435 1466 praeeedit
447 1423 559 1456 aeternitate
572 1425 605 1456 aut
613 1423 688 1457 excedit
696 1423 830 1466 magnitudine

78 1480 111 1511 aut
123 1480 203 1519 superat
214 1480 315 1520 potestate.

143 1531 168 1564 An
180 1541 243 1563 11111111
254 1541 296 1563 aneo
311 1541 391 1563 nicrunuu
406 1531 459 1573 quod
474 1540 568 1573 magnum
582 1532 601 1563 et
613 1540 702 1573 parvum,
717 1530 801 1564 multum
813 1532 831 1563 et

77 1595 160 1628 paucum
175 1595 215 1619 non
233 1588 278 1619 sunt
296 1585 419 1628 quantitates,
436 1585 470 1618 sed
488 1584 553 1627 potius
571 1584 665 1618 1111111111.
689 1584 763 1618 Dicitur
780 1584 831 1618 enim

77 1639 150 1682 aliquid
161 1649 255 1683 magnum
263 1649 299 1682 per
306 1642 416 1682 respectum
426 1639 450 1673 ad
458 1648 547 1681 parvumy
560 1641 579 1672 et
587 1638 669 1672 multum
678 1649 713 1681 per
721 1641 832 1681 respectum

78 1694 102 1727 ad
116 1703 205 1737 paucum.
229 1694 280 1728 Nihil
295 1694 351 1736 enim,
367 1696 389 1727 ut
403 1693 449 1727 dicit
464 1693 595 1736 Philosophus
610 1693 630 1726 in
645 1693 771 1728 Praedicare.
787 1703 801 1727 c.
817 1695 831 1735 6,

78 1758 113 1791 per
123 1758 143 1782 se
151 1758 245 1792 magnum
253 1749 285 1782 vei
293 1758 376 1791 parvum
386 1748 461 1790 dicitur,
474 1748 508 1782 sed
522 1757 544 1782 eo
556 1748 609 1790 quod
617 1748 641 1781 ad
650 1748 732 1782 alterum
741 1748 832 1790 refertur,

78 1805 100 1836 ut
114 1812 171 1836 mons
185 1812 259 1845 parvus
276 1802 351 1844 dicitur,
370 1802 445 1835 milium
460 1812 559 1844 magnum,
577 1801 669 1844 quoniam
688 1802 717 1843 iis,
735 1802 769 1845 qui
787 1805 833 1836 suut

78 1857 164 1890 eiusdem
174 1857 256 1899 generis,
265 1857 301 1890 hoc
309 1859 339 1890 est
347 1856 415 1897 maius,
424 1856 455 1889 ille
463 1856 532 1889 minor.
550 1856 599 1889 Dato
606 1858 671 1889 autern
679 1857 732 1899 quod
738 1866 832 1898 magnum

78 1914 97 1944 et
109 1920 192 1952 parvum
205 1910 244 1944 sint
255 1910 275 1943 iu
284 1919 355 1953 genere
364 1910 482 1952 quantitatis,
495 1910 774 1951 1101111111111511111111111111
786 1910 833 1953 quia

78 1964 129 1997 idem
137 1973 176 1997 nou
184 1966 300 2006 potestesse
308 1963 426 1997 contrarium
437 1963 479 2004 sibi,
487 1965 506 1996 et
514 1965 578 1996 tamen
587 1973 626 1996 una
635 1965 653 1996 et
660 1965 727 1997 eadem
733 1964 832 2006 quantitas

79 2017 149 2051 dicitur
160 2027 231 2061 magna
242 2027 278 2060 per
289 2020 400 2060 respectum
412 2017 436 2051 ad
444 2017 540 2050 minorem
548 2019 567 2050 et
574 2026 636 2059 parva
644 2027 679 2060 per
688 2020 797 2061 respectum
808 2018 833 2052 ad

78 2071 177 2105 maiorem.
201 2072 225 2105 Et
236 2071 288 2105 idem
300 2071 370 2105 dicitur
383 2071 406 2105 de
418 2071 479 2105 multo
491 2073 510 2104 et
521 2080 588 2113 pauco.

143 2125 170 2158 Ao
185 2136 267 2158 51111111
278 2136 358 2158 1111111111
373 2126 426 2168 quod
438 2124 569 2167 Philosophus
585 2125 613 2159 ibi
624 2125 711 2168 loquitur
723 2127 747 2160 de
758 2127 833 2169 quanti-

79 2182 117 2213 tate
129 2180 252 2213 dcnorninata
264 2190 275 2213 a
286 2189 374 2213 numero.

144 2233 343 2267 Α1111111111111111
357 2234 410 2277 quod
425 2234 474 2267 ratio
486 2233 599 2276 quantitatis
611 2234 710 2269 invenitur
722 2235 801 2278 proprie
813 2235 833 2269 in

78 2287 122 2329 illis,
140 2297 189 2330 quae
205 2288 311 2322 secundum
327 2298 347 2322 se
362 2287 482 2330 dividuntur,
500 2290 518 2321 et
534 2287 561 2321 sic
576 2289 616 2322 Deo
631 2298 670 2323 non
685 2289 779 2323 convenit.
802 2290 834 2323 In-

79 2340 157 2374 venitur
169 2351 216 2376 1110
228 2342 286 2376 etiam
298 2342 442 2385 quodammodo
454 2341 529 2383 inillis,
544 2352 629 2385 quorum
645 2343 715 2377 divisio
727 2344 833 2377 attenditur

80 2396 187 2429 secundum
201 2406 228 2438 ea,
245 2406 293 2439 quae
310 2399 397 2430 extrema
412 2398 462 2438 suut,
480 2396 529 2429 sicut
540 2396 605 2430 virtus
617 2397 687 2431 dicitur
699 2397 803 2431 divisibilis
815 2401 833 2431 et

80 2448 192 2490 quantitatis
204 2450 299 2484 rationem
311 2451 385 2484 habens
400 2460 425 2483 ex
439 2449 513 2483 ratione
529 2452 548 2483 et
563 2450 659 2484 divisione
674 2454 751 2485 actuum
766 2454 785 2485 et
801 2453 834 2485 ob-

79 2502 178 2536 iectorum.
202 2505 226 2537 Et
238 2504 283 2547 quia
295 2504 338 2538 talis
350 2504 400 2538 ratio
412 2504 525 2547 quantitatis
537 2504 627 2538 virtualis
639 2506 678 2539 Deo
691 2505 786 2548 convenit,
798 2516 834 2548 per

80 2566 200 2600 consequens
212 2561 231 2592 et
244 2559 283 2593 Deo
296 2558 386 2593 convenit
398 2558 509 2601 aequalitas.

359 2677 556 2708 —sp-,
