1846 3062
108 152 134 189 18
330 160 436 200 QUAESTIO
450 161 470 192 11
492 160 614 192 ARTICULUS
625 161 640 191 11

109 260 162 300 quod
171 269 240 301 perse
252 257 363 300 opponitur
374 258 396 298 ei,
409 258 462 300 quod
474 260 503 291 est
516 268 554 291 esse
567 258 589 291 in
598 257 645 299 aiio,
660 257 712 300 qnod
722 259 751 290 est
759 257 861 300 proprium

109 313 218 352 accidentis,
234 315 252 345 et
268 311 374 345 secundum
389 312 442 354 quod
454 322 489 354 pei·
502 321 522 345 se
534 310 620 345 existens
632 311 678 345 dicit
690 311 796 345 essentiam
812 322 862 346 coiti-

106 367 190 409 pictom,
207 366 237 399 cui
252 366 334 399 [letetur
350 375 393 400 esse
408 376 443 409 per
460 376 485 400 εθ.
509 365 591 408 Oportet
605 366 670 409 igitur,
687 365 739 408 quod
754 365 803 400 ratio
819 367 863 400 sub-

111 421 191 455 stantiae
203 420 321 462 intelligatur
333 421 369 454 hoc
381 422 444 463 niodo,
456 421 509 463 quod
522 421 630 454 substantia
640 420 665 454 sit
673 430 710 461 res,
723 420 753 453 cui
761 420 862 454 conveniat

109 485 152 509 esse
164 485 203 509 uon
215 475 235 508 111
248 475 338 515 subiecto,
351 478 370 509 et
382 475 409 509 sie
421 475 440 508 in
452 475 526 509 ratione
539 475 658 509 substantiae
670 474 794 517 intelligatur,
810 475 862 517 quod

110 530 179 563 habeat
191 530 331 572 quidditctcm,
348 530 381 564 cui
394 530 500 564 coiiccniat
512 540 604 564 essenon
616 530 639 563 in
652 530 700 563 ctio.
724 530 798 562 Nomen
811 529 862 562 enim

109 583 138 616 rei
150 594 161 617 a
172 584 280 626 qnidditate
292 583 403 625 imponitur,
417 584 466 617 sicut
478 593 549 617 nomen
560 585 610 618 entis
623 585 646 618 ab
659 593 707 618 esse.

175 638 259 671 Additur
267 640 372 680 praeterea,
381 639 434 681 quod
444 638 469 671 sit
477 638 581 672 continens
589 639 688 681 implicite
696 637 801 672 interiore.
814 639 863 671 Nam

110 700 154 724 cum
166 692 264 725 continere
276 691 369 726 iuferiora
381 693 406 726 sit
420 691 530 725 delatione
545 692 684 735 cuiuscumque
699 691 781 735 generis,
798 695 819 726 ut
834 694 864 725 est

110 745 226 787 uniuersale,
235 746 295 778 inulto
304 745 366 787 magis
376 746 433 779 debet
441 746 477 779 hoc
486 748 595 787 competere
604 746 729 787 substantiae,
737 749 759 779 ut
765 749 795 779 est
801 756 863 789 genus

111 808 216 833 sumntum.
236 800 392 842 Unumquodque
401 800 452 833 euim
460 800 570 833 universale
581 802 610 834 est
618 800 716 843 quoddam
725 802 792 841 totum,
801 803 863 834 toturn

112 862 158 887 vero
167 854 276 887 necessario
286 853 374 888 continet
382 857 453 897 partes.
474 855 535 888 Debet
543 857 607 888 autem
619 864 681 897 genus
690 853 809 888 substantiae
821 864 864 888 con-

111 906 172 941 tinere
187 908 279 941 interiora
293 908 394 950 implicite
409 918 443 942 seu
459 911 559 951 potestate,
577 909 622 951 quia
639 918 701 951 genus
719 910 748 941 est
765 908 863 949 quoddam

112 963 173 995 totum
186 962 288 996 contusum
301 965 319 996 et
331 962 506 1004 indeterminatum,
522 963 574 1005 quod
590 973 628 996 non
643 962 681 996 uisi
695 962 786 1004 implicite
798 964 863 1004 partes

111 1016 200 1050 continet,
225 1017 249 1049 Et
262 1016 289 1050 sic
300 1020 353 1059 patet
365 1017 469 1060 descriptio
482 1017 606 1051 substantiae.

176 1071 203 1103 Ab
215 1081 276 1103 runnu
288 1081 330 1103 111110
342 1082 422 1104 1110110111
434 1072 491 1115 quod,
505 1072 554 1105 sicut
562 1072 632 1105 dicitur
640 1074 650 1105 4
659 1072 770 1113 illetcpltys.
779 1080 794 1103 c.
802 1073 817 1112 7,
830 1080 864 1104 ens

112 1124 222 1167 dupliciter
234 1125 309 1158 dicitur.
336 1126 378 1160 Uno
390 1126 453 1167 inodo,
471 1126 577 1159 secundum
592 1126 645 1168 quod
658 1125 754 1167 significat
766 1125 864 1158 entitatem

112 1179 145 1221 rei,
157 1182 216 1221 prout
228 1179 322 1213 dividitur
334 1179 354 1213 in
366 1181 431 1214 decem
444 1179 607 1222 praedicamenta:
620 1182 638 1213 et
651 1180 678 1213 sic
690 1179 809 1213 convertitur
821 1188 864 1212 eunt

112 1242 138 1266 1θ.
161 1233 208 1267 Alio
221 1234 279 1267 inodo
291 1234 361 1268 dicitur
373 1244 413 1274 ens,
429 1235 481 1277 quod
498 1234 595 1277 significat
606 1234 708 1268 veritatem
720 1233 864 1276 propositionis,

112 1288 192 1328 quaein
205 1288 450 1330 compositioneconsistit,
465 1288 520 1322 cuius
536 1292 581 1322 nota
596 1291 626 1322 est
640 1289 676 1322 hoc
688 1288 770 1321 verbum
783 1290 816 1321 est.
841 1288 865 1320 Et

112 1341 148 1375 hoc
160 1345 189 1375 est
201 1352 241 1384 eus,
257 1343 310 1385 quod
325 1343 455 1386 respondetur
467 1343 491 1376 ad
504 1343 636 1385 quaestionem
649 1353 677 1376 ccii
689 1345 726 1376 cst:
741 1344 760 1375 et
771 1351 810 1375 11011
822 1352 865 1375 con·

112 1396 196 1429 vertitur
208 1406 251 1430 erun
264 1407 285 1430 re
297 1397 363 1430 necin
375 1398 441 1431 decem
453 1397 608 1440 praedicamenta
620 1397 719 1431 dividitur.

178 1462 204 1495 Ao
212 1473 294 1494 suni-nun
303 1473 382 1495 ounxnun
394 1463 446 1505 quod
455 1463 475 1496 in
485 1463 608 1497 Suel-amento
618 1462 750 1496 Eucharistiae
760 1471 799 1495 non
808 1462 865 1495 datur

113 1516 250 1558 accidentibus,
263 1517 315 1559 quod
327 1526 351 1549 ex
364 1517 383 1551 ui
396 1527 441 1551 suae
453 1517 548 1550 essentiae
560 1527 599 1551 11011
612 1517 681 1550 sintin
694 1516 779 1550 subiecto
789 1525 823 1549 seu
831 1525 866 1557 per

115 1578 140 1611 sc,
153 1571 187 1604 sed
199 1581 223 1604 ex
235 1570 300 1604 diviua
313 1570 385 1605 virtute
397 1574 523 1605 sustentante
545 1571 569 1604 Et
577 1571 620 1605 ideo
633 1581 671 1604 11011
683 1569 774 1612 competit
785 1569 823 1603 illis
836 1570 866 1603 de-

113 1623 176 1658 linitio
189 1625 314 1659 substantiae.

368 1864 490 1897 ARTIGULUS
501 1863 611 1896 SECUNDUS

133 1962 195 1989 uiuum
207 1962 351 1991 couuurtmumn
363 1962 464 1990 orvromuu
476 1961 589 1990 sunsrtumt
600 1962 621 1989 IN
633 1961 702 1989 Pllllhlll
715 1960 738 1987 ET
749 1960 848 1988 SECUNDAM

116 2057 154 2127 An
164 2058 246 2079 saturnin
258 2059 281 2080 su:
293 2058 397 2080 111οθ111111.
417 2048 498 2082 Videtur
508 2047 560 2089 quod
568 2057 608 2081 uon
620 2046 756 2080 convenienter
768 2045 868 2080 dividatur

157 2102 265 2135 substantia
282 2101 302 2134 in
320 2101 403 2144 primam
421 2105 439 2135 et
457 2101 567 2135 secundam.
597 2101 647 2134 Dicit
668 2100 719 2133 enim
737 2098 867 2141 Philosophus

115 2156 125 2189 6
140 2156 252 2198 1101011105.
268 2165 283 2188 0.
299 2157 323 2196 13,
342 2157 394 2198 quod
409 2155 519 2189 universale
537 2164 576 2188 non
592 2158 622 2188 est
640 2153 754 2188 substantia.
778 2152 816 2187 Sed
833 2163 868 2195 per

116 2211 220 2244 secundam
234 2209 363 2243 substantiam
371 2210 503 2252 Philosophus
515 2208 605 2252 intelligit
616 2208 732 2241 universale.
754 2207 806 2249 Ergo
818 2207 868 2240 male

115 2264 210 2298 diuiditur
222 2263 331 2297 substantia
343 2263 362 2297 in
374 2264 458 2306 primam
470 2265 489 2296 et
502 2262 612 2296 secundam.

182 2318 215 2352 Suu
231 2327 294 2349 0011111
309 2327 336 2348 rsr
352 2318 404 2360 quod
419 2317 550 2359 Philosophus
568 2315 588 2349 in
603 2315 729 2349 Praedicare.
745 2323 759 2347 o.
774 2316 784 2347 5
799 2314 869 2348 dividit

116 2372 245 2406 substantiam
257 2371 277 2404 in
289 2371 372 2413 primam
385 2375 403 2405 et
416 2371 525 2405 secundam.

181 2427 280 2459 Res-romu)
288 2436 367 2458 nicexurn
374 2426 426 2468 quod
433 2424 596 2468 qticdt'upiicitei·
603 2423 687 2457 sumitur
694 2422 807 2456 substantia.
820 2424 869 2456 Nam

113 2481 182 2522 priano
196 2479 304 2513 substantia
316 2479 367 2512 idem
375 2482 410 2518 est,
423 2479 475 2521 quod
485 2478 575 2519 essentie,
589 2480 608 2511 et
616 2477 643 2510 sic
653 2476 762 2510 substantia
770 2476 869 2510 invenitur

117 2533 136 2567 111
148 2534 239 2568 omuibus
251 2533 356 2576 generibus
369 2533 418 2567 sicut
430 2532 520 2566 essentia.
541 2532 565 2565 Et
573 2533 610 2565 hoc
619 2530 745 2573 significatur,
757 2540 801 2564 curn
813 2540 870 2573 quae-

117 2587 176 2620 ritur:
189 2588 238 2630 quid
250 2590 279 2621 θεῖ
291 2587 364 2629 albedo,
377 2587 423 2630 quid
437 2587 502 2620 color?
526 2586 618 2620 Secundo
631 2584 727 2627 significat
739 2584 870 2618 individuum

117 2641 137 2674 111
149 2651 219 2683 genere
232 2641 356 2683 substantiae,
369 2642 421 2684 quod
434 2641 504 2675 dicitur
516 2639 625 2673 substantia
631 2639 702 2681 primu
711 2639 742 2672 uel
751 2639 869 2681 hypostasis.

117 2695 166 2728 Nam
175 2695 238 2737 prima
245 2695 340 2728 intellecta
349 2699 394 2730 sunt
403 2705 435 2729 res
444 2694 596 2735 extremitatum,
606 2693 626 2726 in
633 2702 681 2735 quae
685 2693 754 2735 primo
761 2692 869 2726 intellectus
