1846 3062
148 112 187 150 104
357 119 464 161 Qunnsrto
475 119 511 152 xlv
534 119 656 153 latitantis
667 120 689 152 lli

146 228 186 252 non
201 221 235 260 est,
251 217 356 251 enuntiatio
371 217 402 251 vel
417 217 482 259 opinio
497 220 527 251 est
541 227 588 251 vera
602 217 633 251 vel
647 216 702 258 falsa,
717 216 824 251 secundum
839 217 902 250 Philo-

149 273 233 315 sophum
244 271 264 304 in
273 270 398 305 Praedicare.
408 281 422 305 c.
431 273 446 305 5.
466 272 519 314 Ergo
532 271 604 306 veritas
616 270 653 305 erit
664 271 727 314 magis
739 271 759 304 in
771 271 830 305 rebus
842 280 901 313 quam

148 327 167 359 in
181 325 320 359 enuntiatione:
333 328 351 358 et
364 325 391 359 sic
402 335 441 359 non
453 328 483 359 θεῖ
495 327 569 359 tantum
582 325 602 358 in
613 324 650 359 iila.

168 431 170 434 v
212 392 227 424 2.
239 390 344 428 Paroream,
357 390 452 433 quidquid
464 394 494 424 θεῖ
505 400 579 432 verum,
592 390 673 424 veritate
681 399 750 423 verum
758 392 793 424 θεῖ.
814 389 834 423 Si
842 389 902 432 igitur

147 444 220 479 veritas
231 447 261 477 est
273 446 347 477 tantum
360 444 380 477 in
392 444 528 486 enuntiatione,
543 444 591 478 nihil
606 444 642 478 erit
659 453 728 478 verum
742 443 780 477 nisi
795 444 901 478 secundum

147 499 200 542 quod
217 498 339 531 enuntiatur:
357 498 410 540 qnod
428 500 457 531 θεῖ
475 508 531 532 error
545 497 670 541 antiquorum
685 497 852 540 philosophorum,
868 497 902 541 qui

148 552 241 592 dicebant,
250 561 312 592 omne,
320 552 373 594 quod
382 552 464 593 videtur,
477 562 520 586 θεεθ
529 562 603 586 verum.
623 553 652 586 Ad
661 552 712 595 quod
723 551 816 594 sequitur,
828 555 903 585 contra·

147 605 228 640 dicteria
242 615 285 640 θεεθ
301 606 359 639 simul
373 615 429 640 uera:
447 616 490 639 cum
506 606 655 640 contradictoria
667 606 725 640 simul
736 616 748 639 a
759 605 843 640 diversis
855 615 902 640 nera

147 670 190 694 θεεθ
202 660 310 694 videantur.
331 660 384 703 Ergo
396 660 469 693 veritas
481 660 562 694 veihon
575 663 604 694 θεῖ
616 660 636 693 in
648 660 779 694 enuntiatione
786 661 817 694 vel
825 669 864 694 non
872 662 902 693 est

148 717 223 748 tantum
235 713 255 747 in
267 714 304 747 illa.

214 790 247 825 San
262 800 325 822 corint
340 801 367 823 nst
383 791 435 833 quod
448 791 579 833 Philosophus
594 790 663 825 definit
677 790 834 832 enuntiationem,
849 791 902 833 quod

148 845 173 878 sit
185 844 252 886 oratio,
264 844 284 878 in
297 855 335 887 qua
347 847 377 879 θεῖ
385 854 453 879 verum
463 845 494 879 uel
501 845 579 878 falsum.
599 845 697 879 Definitio
706 847 770 877 autem
780 844 904 878 coiottertitttr

149 908 194 932 cum
207 899 296 933 defittito.

214 975 312 1007 Rrsrororo
320 985 400 1007 memmii
408 975 461 1017 quod
467 984 537 1008 uerum
545 975 655 1008 recitantem
662 974 695 1007 scii
701 973 794 1017 primam
802 973 903 1008 rationein

148 1028 212 1062 estin
227 1028 323 1062 intellectu
339 1031 465 1071 componente
480 1032 499 1062 et
514 1028 617 1062 dividente.
640 1028 669 1061 ad
685 1027 739 1061 cuius
754 1027 860 1070 pleniorem
876 1027 904 1060 in-

148 1082 274 1124 telligentiam
286 1082 446 1124 praenotandum,
458 1082 510 1124 quod
524 1082 573 1115 sicut
580 1082 600 1114 in
609 1082 672 1124 prima
682 1081 798 1124 operatione,
810 1081 837 1114 ita
845 1081 902 1115 etiam

148 1136 168 1169 in
181 1136 265 1170 secunda
277 1139 307 1170 est
322 1136 407 1179 aliquod
415 1136 512 1178 primum.
536 1136 560 1169 In
575 1135 638 1178 prima
653 1136 732 1178 quidem
747 1134 858 1177 operatione
873 1138 904 1168 θεῖ

148 1190 226 1232 aliquod
238 1190 329 1232 primum,
342 1190 395 1233 quod
407 1190 457 1224 cadit
469 1189 489 1223 in
501 1189 624 1232 conceptione
636 1189 749 1230 intellectus,
763 1199 788 1223 sc.
796 1190 838 1230 hoc,
850 1189 903 1231 quod

149 1243 191 1277 dico
204 1254 242 1285 eras,
259 1253 295 1277 nec
306 1244 378 1287 aliquid
390 1244 426 1277 hac
442 1243 553 1286 operatione
569 1246 634 1286 potest
649 1246 713 1277 mente
729 1242 808 1285 concipi,
823 1242 861 1276 nisi
876 1242 904 1275 in-

149 1298 246 1340 telligatur
258 1307 298 1331 ens*
322 1298 347 1331 Et
358 1298 404 1340 quia
416 1298 452 1331 hoc
463 1297 590 1340 principium:
603 1297 729 1339 irreposcibile
741 1299 768 1331 est
781 1306 820 1331 esse
832 1299 849 1330 et
862 1306 903 1330 non

150 1361 189 1385 case
200 1351 266 1392 staini,
281 1351 377 1393 dependet
389 1361 410 1384 ec
421 1351 525 1385 intellectu
535 1351 590 1393 entis,
605 1350 655 1384 sicut
662 1351 699 1384 hoc
706 1350 832 1393 principium:
846 1359 904 1384 ornate

149 1407 212 1438 totum
225 1407 252 1438 cst
265 1406 330 1438 riccius
342 1414 380 1439 sno
388 1407 454 1448 porte,
471 1414 495 1438 ex
509 1404 606 1438 intellectu
621 1404 680 1438 totius
693 1408 711 1438 et
722 1404 794 1447 partis:
809 1404 852 1438 ideo
867 1404 904 1437 hoc

149 1458 265 1500 principium
273 1461 302 1492 est
309 1458 531 1501 ctotctraiiterprimiani
536 1458 559 1492 tiz
566 1459 654 1493 scoriaco
661 1458 901 1501 operationeintellectasJ

150 1522 175 1545 sc.
190 1513 324 1554 coniponentis
342 1515 360 1546 et
378 1512 489 1546 dividentis.
512 1513 551 1546 Nec
567 1512 638 1555 aliquis
653 1515 717 1555 potest
734 1513 840 1546 secundum
855 1512 904 1545 ltaite

149 1566 280 1608 operationem
290 1566 398 1600 intellectus
406 1566 479 1609 aliquid
487 1566 599 1608 intelligere,
608 1566 646 1599 nisi
655 1567 691 1600 hoc
698 1565 794 1608 principio
803 1565 904 1599 intellecto.

215 1620 268 1654 Sicut
280 1622 343 1653 autem
356 1621 428 1654 bonum
441 1620 528 1653 nominat
542 1619 566 1661 id,
581 1619 602 1653 in
616 1619 669 1662 quod
684 1619 745 1653 tendit
760 1619 862 1661 appetitus,
877 1619 904 1652 ita

149 1683 218 1706 verum
230 1673 317 1706 nominat
328 1673 354 1715 id,
368 1674 388 1706 in
403 1673 456 1716 quod
471 1673 533 1706 tendit
544 1673 657 1707 intellectus.
680 1673 775 1707 Perfectio
787 1673 838 1707 enim
850 1672 878 1706 int
890 1673 904 1705 l·

149 1728 209 1760 lectus
222 1730 251 1760 est
263 1737 333 1761 rerum
345 1730 367 1760 ut
378 1727 483 1770 cognitum,
509 1727 557 1761 Cum
572 1730 636 1761 atatem
651 1727 715 1760 onmis
729 1736 762 1760 res
777 1727 802 1760 sit
816 1736 863 1760 vera
876 1735 904 1760 se-

151 1781 235 1814 cundum
248 1781 300 1824 qriod
313 1782 371 1815 habet
379 1781 490 1823 propriam
505 1781 592 1814 formam
607 1783 695 1814 teatio-oe
709 1790 762 1823 secte,
778 1789 857 1814 necesse
868 1783 904 1821 est,

150 1835 202 1876 quod
218 1834 332 1875 intellectus,
349 1835 466 1877 inquantum
480 1838 510 1868 θεῖ
525 1844 649 1877 cognoscem,
669 1835 693 1869 sit
708 1844 772 1875 verus,
787 1835 903 1877 inquantum

149 1889 209 1922 habet
220 1888 377 1922 statiiittcciinettt
392 1889 422 1922 rei
434 1889 531 1931 copricae,
548 1898 597 1931 quae
609 1891 639 1922 θεῖ
650 1888 714 1922 torma
726 1889 773 1927 eius,
787 1889 903 1931 inquantum

149 1946 180 1976 est
192 1952 316 1985 cognosccns.
337 1943 362 1976 Et
370 1945 451 1985 propter
460 1942 497 1976 hoc
503 1952 542 1985 por
550 1943 711 1977 conformitatem
719 1943 832 1977 intellectus
845 1945 863 1976 et
874 1942 906 1975 rei

149 1996 224 2030 ceritas
239 1996 342 2030 definitur.
367 1997 422 2030 Unde
437 1997 592 2030 conformitatem
607 1996 664 2029 istam
681 2005 802 2038 cognoscere,
817 2001 847 2029 est
861 2005 905 2038 cog-

149 2059 230 2083 noscere
242 2050 348 2083 veritatem.

215 2104 271 2137 Hanc
279 2107 343 2138 autem
352 2104 404 2138 nullo
414 2105 472 2138 modo
481 2114 551 2138 sensus
558 2104 662 2147 cognoscit.
675 2105 769 2143 Quamvis
776 2104 826 2138 enim
834 2113 904 2138 sensus

149 2158 224 2200 proprii
240 2158 309 2192 obiecti
324 2158 349 2192 sit
364 2168 428 2199 verus,
448 2158 497 2192 sicut
511 2158 567 2192 visus
582 2159 640 2191 trahet
655 2157 800 2192 similitudinem
816 2157 904 2198 visibilis,

149 2214 265 2245 nontamen
280 2211 379 2254 cognoscit
394 2211 563 2254 comparationem,
578 2221 628 2254 quae
643 2215 673 2246 est
686 2212 737 2245 inter
752 2221 793 2244 rem
808 2211 871 2245 visam
886 2213 904 2244 et

149 2265 174 2307 id,
186 2266 239 2308 qnod
253 2266 296 2307 ipse
310 2266 439 2308 apprehendit
454 2266 477 2300 de
492 2275 519 2300 ea.
542 2266 654 2299 Intellectus
669 2268 733 2299 autem
749 2264 903 2299 conformitatem

150 2319 179 2353 sui
195 2319 219 2353 ad
234 2329 275 2353 rem
291 2319 431 2362 intelligibilem
446 2329 563 2362 cognoscere
578 2322 651 2362 potest:
669 2320 747 2361 qnando
762 2319 813 2353 enim
827 2318 904 2360 iudicat,

149 2382 190 2406 rem
203 2373 229 2406 ita
242 2383 262 2407 se
278 2374 354 2415 habere,
370 2374 419 2408 sicut
434 2378 464 2408 est
478 2374 547 2415 torma,
563 2383 622 2416 quam
637 2374 660 2406 de
675 2383 696 2407 re
711 2373 844 2416 apprehendit,
859 2376 904 2407 tune

148 2427 216 2469 primo
228 2427 327 2470 cognoscit
342 2429 361 2460 et
376 2427 421 2461 dicit
436 2437 510 2461 verum.
534 2427 583 2460 Nam
598 2436 715 2469 cognoscere
729 2427 847 2469 praedictam
862 2437 906 2461 con-

149 2481 254 2514 formitatis
267 2481 400 2514 habitudinem
412 2481 460 2515 nihil
471 2483 501 2515 θεῖ
513 2481 571 2524 aliud
578 2490 635 2523 quam
648 2480 738 2523 iudicare,
753 2481 779 2515 ita
794 2491 837 2516 esse
851 2481 871 2515 in
883 2490 905 2514 re

149 2535 180 2568 vel
191 2544 231 2569 non
243 2544 291 2569 θεεθ.
315 2535 371 2574 Quod
383 2538 413 2570 θεῖ
426 2545 544 2578 corripericre
556 2537 574 2568 et
585 2534 680 2569 ciioidcre.
704 2536 753 2569 Nam
764 2535 872 2569 intellectus
885 2535 905 2568 in

150 2589 202 2622 ouini
214 2588 348 2631 propositione
359 2589 444 2632 aliquam
455 2589 541 2623 formam
551 2587 680 2631 significatam
689 2599 724 2632 per
733 2590 865 2632 praedicatum
874 2589 905 2622 vel

150 2643 232 2685 applicat
247 2643 302 2676 alicui
320 2643 348 2676 rei
367 2643 486 2686 significatae
503 2652 539 2686 per
557 2643 664 2677 subiectum
683 2644 714 2677 vei
730 2648 819 2678 removet
836 2644 860 2677 ab
878 2652 905 2676 ea.
