1846 3062
254 152 361 193 QUAESTIO
373 154 380 185 Ι
402 154 524 187 ARTICULUS
535 154 549 185 t·
754 145 778 182 ll

25 252 123 289 actualiter
136 251 167 284 vel
178 250 287 284 virtualiter
301 260 337 292 per
351 251 444 285 habitum.
468 251 502 285 Ille
517 251 569 285 enim
584 251 620 285 scit
635 251 719 294 aliquam
736 260 780 284 con-

25 307 135 346 clusionem,
151 305 185 347 qni
200 301 265 346 potest
276 304 329 337 illam
340 305 439 338 resolvere
450 306 470 338 in
483 316 518 339 sua
529 305 624 348 principia
636 308 676 339 tam
688 314 712 338 ex
724 309 779 347 parte

25 359 115 395 materiae
127 361 186 401 quam
198 368 222 391 ex
233 361 288 400 parte
299 358 379 391 formae.
400 359 425 391 Et
436 359 479 393 ideo
490 359 547 392 debet
556 360 627 393 habere
635 359 656 392 in
665 369 685 393 se
694 358 779 401 aliquam

25 414 136 458 qualitatem
149 412 179 445 vel
191 412 314 454 principium,
329 422 364 454 per
376 412 429 454 quod
440 412 503 454 possit
517 413 553 446 hoc
568 413 636 446 iacere.
660 413 703 447 Hoc
714 415 779 446 autem

25 467 77 502 effici
87 475 127 498 uon
141 467 206 507 potest
220 475 255 506 per
271 466 354 499 actuales
371 465 490 508 cognitiones
509 467 655 500 conclusionum
671 466 779 509 logicorum

26 521 90 564 quoad
102 521 213 560 utrumque.
236 520 285 552 Nam
300 519 348 552 tales
363 519 483 560 cognitiones
497 520 644 561 praeterierunt.
668 521 732 559 Quare
748 529 780 553 ne-

27 572 110 608 cessario
123 573 180 605 debet
191 572 211 605 id
222 572 266 605 fieri
278 581 313 614 per
325 572 412 605 habitum
424 573 498 606 abillis
513 573 656 615 cognitionibus
672 573 779 607 actualibus

26 628 46 660 in
57 626 154 659 intellectu
166 625 259 666 relictum,
272 635 330 668 quem
342 625 424 658 dicimus
436 626 524 659 habitum
536 626 623 668 Logicae.

90 679 117 711 Au
128 688 198 710 1111111(
210 689 289 711 urcurouu
301 679 354 721 quod
366 678 411 721 quia
423 682 462 712 tam
474 679 545 712 modus
558 679 635 720 sciendi,
648 689 706 722 quem
720 679 780 713 tradit

26 734 102 777 Logica,
117 742 176 775 quam
187 742 219 767 res
231 742 304 772 omnes,
319 733 343 766 de
355 733 427 776 quibus
439 736 469 767 est
477 733 553 776 Logica,
571 743 610 767 nou
622 736 743 777 quaeruntur
755 734 780 767 ad

27 787 183 831 cognoscendum
195 789 276 829 propter
292 795 312 819 se
324 786 383 829 ipsas,
399 788 433 820 sed
448 790 529 830 propter
544 787 639 829 scientias,
654 788 697 821 ideo
710 787 781 829 Logica

26 841 105 886 proprie
117 851 156 875 uon
168 844 198 875 est
211 840 248 875 sibi
259 840 373 883 necessaria,
391 842 424 875 sed
440 842 482 876 aliis
498 841 588 876 scientiis.
611 842 660 882 Quia
676 851 723 876 vero
737 841 781 884 ipsa
822 849 825 854 ·

27 898 85 932 etiam
96 899 126 930 est
139 896 222 937 scientia,
234 899 256 930 ut
268 895 341 930 dictum
352 899 387 938 est,
399 897 424 931 ad
434 896 487 931 illam
500 897 573 931 sufficit
583 898 650 931 lumen
658 896 746 931 naturale
754 896 782 930 in-

27 953 119 992 tellectus,
132 961 170 994 quo
182 953 201 985 et
213 950 312 994 cognoscit
324 951 418 986 terminos
430 951 577 995 principiorum,
590 952 694 995 exquibus
704 952 781 986 deducit

27 1005 161 1041 conclusiones
173 1006 197 1039 de
209 1006 267 1040 modo
277 1005 355 1047 sciendi,
367 1016 425 1049 quem
434 1006 587 1040 demonstrative
595 1007 660 1049 tradit,
672 1010 691 1041 et
699 1016 738 1049 quc
746 1016 781 1049 per

28 1060 153 1095 reflexionem
166 1060 270 1103 cognoscit,
282 1062 350 1094 utrum
361 1061 432 1095 modus
445 1060 523 1102 sciendi,
535 1071 574 1104 quo
586 1061 629 1104 ipsa
641 1061 702 1095 utitur
714 1061 738 1095 ad
751 1061 782 1095 de-

27 1115 136 1149 finiendum
151 1118 170 1148 et
186 1115 366 1157 demonstrandum,
384 1116 485 1150 conveniat
500 1125 543 1149 cum
559 1116 626 1149 eodem
641 1117 705 1157 modo,
723 1125 781 1158 quem

28 1169 180 1204 demonstrative
192 1170 252 1203 dccet.
273 1170 315 1203 Hoc
327 1170 378 1203 eninr
390 1173 420 1204 est
428 1170 530 1213 proprium
542 1170 604 1212 partis
615 1169 748 1209 intellectivae,
760 1172 782 1203 ut

28 1224 48 1257 in
60 1233 81 1257 se
93 1223 156 1265 ipsam
168 1224 284 1258 reflectatur.
308 1224 357 1257 Nam
368 1224 477 1258 intellectus
488 1224 578 1267 intelligit
591 1234 611 1258 se
623 1225 694 1267 ipsum.
726 1225 729 1229 ’

54 1279 55 1282 ’
93 1278 120 1310 Au
132 1288 208 1316 oumruu
219 1288 299 1310 ureruuuu
311 1279 363 1320 quod
375 1278 395 1311 in
407 1279 525 1312 addiscendo
536 1278 640 1320 incipimus
652 1280 676 1313 ab
688 1288 716 1319 eo,
729 1278 781 1320 quod

29 1335 59 1365 est
76 1331 138 1374 magis
155 1331 215 1373 tacite,
233 1331 271 1365 nisi
288 1331 393 1365 necessitas
411 1332 463 1366 aliud
479 1331 571 1374 requirat.
595 1332 715 1375 Quandoque
730 1331 782 1365 enim

29 1395 107 1420 necesse
119 1388 148 1419 est
156 1385 176 1419 in
184 1385 301 1419 addiscendo
313 1395 353 1419 non
364 1385 449 1428 incipere
461 1387 485 1420 ab
497 1395 525 1427 ec,
537 1386 590 1428 quod
605 1389 635 1419 est
649 1385 730 1427 facilius,
748 1385 782 1419 sed

28 1441 53 1474 ab
65 1449 93 1480 eo,
105 1449 116 1473 a
128 1439 182 1473 cuius
191 1439 300 1481 cognitione
309 1439 393 1481 cognitio
402 1439 524 1482 sequentium
533 1440 634 1482 dependet.
655 1441 680 1474 Ut
689 1439 783 1482 contingit

28 1494 49 1527 iu
60 1493 167 1536 proposito.

341 1569 471 1576 mmm-m„

293 1686 415 1719 ARTICULUS
427 1687 520 1727 QUINTUS

130 1784 191 1811 UTRUM
206 1783 241 1812 ENS
255 1783 343 1812 ultiouis
357 1783 385 1812 Sl'l'
399 1784 493 1813 omicron
507 1784 563 1812 HUIUS
578 1785 685 1814 odoramur

61 1892 70 1913 o
79 1890 148 1918 Qururuu
156 1892 180 1914 sic
188 1891 293 1914 ruccrutruu.
310 1880 391 1914 Videtur
399 1881 452 1924 quod
462 1880 558 1915 obiectum
568 1880 626 1914 huius
635 1880 733 1914 doctrinae
745 1889 784 1913 nou

33 1892 58 1966 Α
73 1935 97 1970 sit
109 1946 144 1970 ens
155 1936 242 1970 rationis.
265 1935 314 1970 Dicit
326 1935 377 1969 enim
388 1935 519 1978 Philosophus
533 1936 543 1970 3
555 1936 579 1969 dc
589 1934 666 1969 hattona
678 1945 692 1969 c.
704 1936 719 1977 8,
731 1935 784 1977 quod

31 1990 121 2025 scientiae
133 1994 222 2025 secantur
235 1991 284 2025 sicut
296 2000 336 2031 rcs;
352 1990 403 2024 unde
416 1990 495 2024 scientia
506 1992 536 2023 est
548 1990 571 2024 de
584 1990 658 2024 obiecto
670 1989 723 2024 reali.
747 1989 785 2024 Sed

30 2056 65 2080 ens
77 2045 158 2080 rationis
170 2055 209 2079 uon
221 2048 251 2080 est
263 2044 358 2080 obiectum
371 2045 426 2087 reale,
439 2047 460 2079 ut
470 2047 528 2088 patet.
549 2045 602 2088 Ergo
614 2055 653 2079 uon
665 2046 730 2088 potest
742 2054 785 2078 csse

30 2101 128 2135 obiectum
141 2100 228 2143 Logicae.

97 2156 112 2188 2.
124 2155 230 2191 Puturmuu,
242 2165 277 2198 per
289 2154 385 2188 obiectum
393 2154 521 2197 distinguitur
530 2153 609 2188 scientia
617 2155 641 2188 ab
650 2154 692 2188 aliis
701 2153 786 2187 scientiis

32 2211 50 2242 et
62 2209 166 2243 habitibus.
190 2209 228 2243 Sed
243 2219 278 2251 per
293 2218 327 2242 ens
340 2208 421 2242 rationis
433 2218 472 2242 non
484 2207 612 2250 distinguitur
624 2208 695 2251 Logica
707 2208 731 2241 ab
743 2207 786 2240 aliis

32 2263 140 2304 habitibus,
152 2273 197 2297 nam
210 2263 260 2297 circa
271 2263 319 2296 illud
327 2265 432 2296 versantur
441 2261 575 2302 Grammatico,
588 2262 691 2296 Rhetorica
703 2264 721 2294 et
733 2261 786 2294 aliae.

33 2317 86 2360 Ergo
98 2327 133 2351 ens
145 2317 226 2351 rationis
238 2328 277 2351 uon
289 2319 319 2350 est
331 2307 427 2350 obiectum
440 2317 526 2359 Logicae.

98 2373 113 2405 3.
125 2372 231 2410 Paternum,
243 2370 306 2405 omnis
318 2370 431 2410 intellectus,
444 2370 474 2404 cui
485 2379 525 2403 non
533 2370 639 2412 respondet
650 2369 723 2413 aliquid
731 2369 751 2402 in
759 2379 786 2411 re,

32 2428 62 2458 est
74 2435 142 2459 cassus
157 2428 176 2459 et
187 2435 256 2459 vanus.
280 2424 317 2458 Sed
332 2424 436 2458 intellectui
451 2424 576 2466 intelligentis
592 2433 627 2457 eus
642 2423 723 2457 rationis
738 2423 787 2456 nihil

33 2480 138 2522 respondet
150 2479 170 2513 iu
182 2489 208 2513 re.
232 2480 286 2522 Ergo
298 2481 328 2512 est
339 2488 407 2512 cassus
419 2481 438 2512 et
449 2487 518 2512 vanus.
542 2478 580 2511 Sed
592 2477 681 2521 cognitio,
694 2487 743 2519 quae
755 2478 787 2511 ha-

33 2534 90 2567 hetur
102 2543 137 2575 per
149 2534 237 2567 habitum
247 2532 333 2577 Logicae‚
345 2543 385 2566 uon
393 2536 423 2566 est
431 2542 480 2566 vana
488 2534 507 2565 et
515 2541 575 2573 cassa,
588 2541 631 2565 cum
640 2531 665 2565 sit
672 2531 787 2574 necessaria,

34 2589 55 2620 ut
69 2587 115 2621 dicit
127 2587 258 2630 Philosophus
271 2589 279 2620 1
292 2587 405 2629 Meteplcys.
417 2596 432 2620 c.
445 2589 459 2628 1,
475 2585 499 2619 ad
515 2585 643 2618 eruditionem
660 2589 679 2619 et
690 2585 788 2619 introduc-

34 2640 106 2674 tionem
119 2641 248 2675 scientiarum.
272 2641 325 2683 Ergo
337 2640 365 2673 illi
376 2641 482 2682 respondet
493 2638 566 2681 aliquid
578 2639 634 2681 reale,
649 2649 689 2673 nou
701 2639 788 2681 rationis,

33 2696 53 2726 et
65 2697 205 2737 consequenter
217 2694 258 2728 eius
271 2694 367 2728 obiectum
379 2704 418 2727 nou
430 2697 460 2727 est
471 2702 506 2726 eus
518 2692 604 2726 rationis.
