1846 3062
440 111 553 145 PROLOGUS

190 211 297 244 iterantem
304 209 323 242 iu
330 208 409 251 triplici
417 207 485 241 ordine
495 211 541 241 sunt
548 207 573 241 ad
579 207 679 241 rationem.
692 207 728 240 Est
734 206 784 240 enim
792 207 876 249 quidam
904 196 912 207 ⁷

124 265 178 305 ordo,
187 274 243 307 quem
254 263 303 296 ratio
310 271 349 295 non
356 261 407 302 iacit,
415 262 451 295 sed
461 263 523 295 solum
535 261 649 301 considerat,
660 261 709 294 sicut
715 262 745 294 est
751 260 800 294 ordo
809 269 876 294 rernm

124 318 246 352 naturalium.
269 316 400 349 alienantem
411 319 441 348 est
450 316 503 356 ordo,
516 325 574 358 quem
586 315 635 348 ratio
647 314 788 348 considerando
799 313 845 348 tacit
856 313 876 346 in

124 372 204 413 proprio
217 373 264 411 actu,
276 372 323 412 puta
334 378 378 403 cum
390 369 467 402 ordinat
480 371 584 411 conceptus
596 378 643 402 suos
655 368 679 401 ad
691 368 779 401 invicem.
800 367 876 401 Tertius

125 426 202 457 demum
217 427 247 457 est
261 423 315 464 ordo,
332 431 389 464 quem
407 422 456 456 ratio
474 422 615 456 considerando
630 422 676 461 iacit
693 421 713 455 in
730 420 876 464 operationibus

124 477 235 512 voluntatis.
260 477 284 510 Et
297 476 404 510 secuudum
416 477 452 510 hos
464 476 553 510 diversos
569 476 653 516 ordines,
668 486 718 519 quos
733 475 812 518 proprie
827 475 876 509 ratio

126 531 239 573 considerat,
253 533 298 564 sunt
306 530 396 565 diuersae
402 533 472 574 portes
481 531 622 573 Philosophiae.
641 532 690 564 Nam
699 531 723 564 ad
731 530 876 573 Philosophiam

124 585 230 619 naturalem
248 595 282 619 seu
296 584 368 619 realem
380 584 464 627 pertinet
474 585 597 619 considerare
607 585 696 619 ordinem
704 594 770 619 rerum
778 584 876 627 ipsarum:

124 649 182 682 quem
197 639 246 674 ratio
262 640 346 673 humana
361 639 475 682 considerat,
494 640 528 674 sed
544 649 582 674 uon
597 639 647 674 iacit.
670 639 701 674 Ita
716 642 786 682 tamen,
803 643 825 674 nt
840 640 876 673 sub

125 694 208 728 naturali
226 693 351 737 Philosophia
368 695 556 737 comprehendamus
574 697 592 729 et
610 694 767 738 Metaphyslcam.
790 694 818 727 De
833 697 877 728 ente

125 748 175 783 enim
188 748 271 783 naturali
283 752 305 782 nt
317 749 434 783 sensibiliter
443 748 508 784 mobili
520 759 541 783 ac
549 748 637 783 mutabili
649 748 688 791 agit
698 748 786 792 Physica,
798 748 822 782 de
833 751 877 782 ente

125 813 172 838 vero
181 803 302 837 immateriali
311 803 447 847 ltletapbysica.
468 803 521 837 Ordo
530 806 599 845 autem,
611 812 669 846 quem
678 802 728 837 ratio
736 803 877 836 considerando

125 857 170 892 iacit
182 858 201 891 iu
213 858 293 900 proprio
305 859 353 899 actu,
365 858 449 900 pertinet
460 858 485 892 ad
494 856 607 892 rationalem
619 857 765 899 Philosophiam
776 866 811 891 seu
822 856 877 899 Logi-

126 922 172 954 cam,
185 911 239 946 citius
252 914 282 945 est
293 911 417 946 considerare
429 912 517 946 ordinem
529 912 614 954 partium
626 911 719 945 orationis
731 911 755 945 ad
763 911 847 945 invicem
859 913 877 944 et

126 966 214 1000 ordinem
226 965 366 1009 principiorum
379 965 497 1000 adinvicem
509 969 528 1000 et
539 967 564 1000 ad
572 966 710 999 conclusiones
733 965 786 999 Ordo
795 964 877 1007 denique

125 1020 222 1054 actionum
234 1019 389 1054 voluntariarum
401 1020 485 1062 pertinet
499 1021 523 1053 ad
538 1020 712 1054 considerationem
723 1019 803 1054 moralis
815 1019 878 1053 Philo·

126 1074 210 1117 sophiae,
230 1075 337 1108 secundum
355 1075 407 1117 quod
426 1079 472 1108 sunt
487 1074 586 1108 ordinatae
601 1074 626 1108 ad
641 1073 724 1108 invicem
739 1076 758 1107 et
773 1074 797 1107 ad
811 1073 877 1107 finem.

126 1129 175 1163 Sunt
186 1128 247 1171 igitur
258 1131 299 1162 tres
311 1131 377 1171 partes
390 1128 530 1171 Philosophiae,
546 1138 571 1162 sc.
583 1128 677 1162 naturalis
690 1137 724 1162 seu
738 1128 801 1170 realis,
815 1127 877 1171 logica

125 1186 143 1216 et
155 1182 239 1216 moralis,
847 1214 849 1221 ,

190 1236 219 1269 Ad
235 1235 293 1269 huius
309 1245 356 1270 uero
371 1236 470 1269 doctrinae
485 1235 625 1277 expositionem
640 1235 767 1277 intendentes,
785 1234 877 1278 quoniam

125 1292 146 1322 ut
158 1292 209 1322 recte
225 1292 290 1323 monet
302 1289 433 1332 Philosophus
446 1291 454 1322 1
467 1289 579 1332 dletoplnss.
592 1299 606 1322 c.
619 1290 633 1331 8,
652 1290 761 1323 absurdum
772 1292 807 1330 est,
819 1288 877 1322 simul

127 1352 220 1385 quaerere
234 1343 332 1377 scientiam
345 1345 363 1377 et
372 1343 453 1377 niodum
460 1343 542 1385 sciendi,
556 1353 617 1384 quum
628 1345 719 1377 neutrum
728 1343 783 1377 facile
792 1342 878 1384 accipere

126 1396 156 1436 sit,
169 1399 187 1429 et
199 1397 224 1429 ad
236 1396 327 1438 Logicam
340 1399 418 1439 spectat,
430 1396 481 1430 huuc
489 1396 569 1430 modum
578 1397 659 1438 tradere,
670 1397 738 1439 primo
750 1395 876 1431 tractabimus

126 1450 149 1483 de
166 1450 201 1491 his,
217 1459 266 1492 quae
282 1453 327 1483 sunt
343 1449 415 1492 logicae
430 1450 599 1491 considerationis3
614 1451 700 1484 sectando
716 1451 740 1484 de
752 1450 877 1492 Philosophia

126 1503 177 1543 reali,
193 1504 251 1537 tertio
264 1503 287 1537 de
300 1503 424 1545 Philosophia
436 1503 510 1537 morali.
534 1503 558 1537 Et
573 1503 619 1546 qnia
633 1503 777 1547 philosophicae
789 1502 876 1538 veritatis

125 1556 193 1590 doctor
205 1566 243 1590 nou
256 1558 319 1590 solum
334 1556 456 1590 mediocriter
470 1556 490 1590 in
505 1556 537 1590 illa
551 1556 656 1598 institutos
673 1557 707 1591 sed
722 1557 778 1600 plane
792 1556 877 1591 novitios

126 1610 183 1643 etiam
195 1612 214 1643 et
224 1610 325 1652 imperitos
335 1610 392 1644 debet
402 1605 504 1652 iustruere,
515 1611 621 1644 secundum
632 1610 680 1645 illud
689 1610 777 1654 Apostoli
786 1612 814 1645 cd
820 1611 876 1646 Ront.

126 1674 141 1697 e.
152 1665 170 1697 1:
183 1663 315 1706 Sapientidns
328 1666 345 1698 et
357 1664 500 1706 temptantibus
512 1665 591 1699 <renitor
602 1674 650 1706 snm,
664 1665 787 1707 propositum
799 1668 877 1698 nostrae

127 1717 239 1750 intentionis
251 1717 271 1750 in
283 1718 319 1751 lioc
331 1727 389 1759 opere
398 1721 432 1759 est,
445 1727 467 1751 ea
475 1727 524 1760 quae
532 1718 556 1751 ad
565 1719 670 1752 humanam
679 1718 824 1761 Philosophiam
836 1728 878 1762 per·

126 1771 192 1813 tinent,
204 1780 226 1804 eo
239 1771 297 1805 modo
309 1771 390 1813 tradere,
403 1771 436 1814 qui
446 1771 508 1814 magis
517 1771 649 1814 incipientium
658 1773 762 1807 eruditioni
770 1782 877 1817 congruere

126 1824 229 1859 ridebitur
250 1825 302 1859 Haec
314 1825 374 1868 igitur
386 1826 449 1860 omnia
462 1826 579 1860 tentabimus
591 1826 652 1861 divini
660 1827 745 1862 numinis
753 1827 878 1862 auxiliotreti

126 1880 212 1914 breviter
230 1890 251 1914 ac
266 1880 348 1915 dilucide
363 1881 461 1924 prosequi,
477 1882 584 1915 secuudum
599 1882 651 1924 quod
666 1882 757 1917 materiae
772 1882 877 1931 difficultas

126 1934 215 1977 patietur.
