<?xml version="1.0" encoding="UTF-8"?>
<!DOCTYPE html PUBLIC "-//W3C//DTD XHTML 1.0 Transitional//EN"
    "http://www.w3.org/TR/xhtml1/DTD/xhtml1-transitional.dtd">
<html xmlns="http://www.w3.org/1999/xhtml" xml:lang="en" lang="en">
 <head>
  <title>
</title>
<meta http-equiv="Content-Type" content="text/html;charset=utf-8" />
  <meta name='ocr-system' content='tesseract 3.04.00' />
  <meta name='ocr-capabilities' content='ocr_page ocr_carea ocr_par ocr_line ocrx_word'/>
</head>
<body>
  <div class='ocr_page' id='page_1' title='image "MN41855ucmf_7_0051.png"; bbox 0 0 1846 3062; ppageno 0'>
   <div class='ocr_carea' id='block_1_1' title="bbox 252 153 836 198">
    <p class='ocr_par' dir='ltr' id='par_1_1' title="bbox 252 153 836 198">
     <span class='ocr_line' id='line_1_1' title="bbox 252 153 836 198; baseline -0.012 -2"><span class='ocrx_word' id='word_1_1' title='bbox 252 165 299 198; x_wconf 74' lang='lat' dir='ltr'>DE(</span> <span class='ocrx_word' id='word_1_2' title='bbox 292 163 326 197; x_wconf 75' lang='lat'>[20]</span> <span class='ocrx_word' id='word_1_3' title='bbox 319 163 419 196; x_wconf 78' lang='lat' dir='ltr'>LENDAS</span> <span class='ocrx_word' id='word_1_4' title='bbox 431 162 521 196; x_wconf 84' lang='grc' dir='ltr'>ΤΗΟΜΑΕ</span> <span class='ocrx_word' id='word_1_5' title='bbox 533 162 662 196; x_wconf 80' lang='lat' dir='ltr'>PHILOSOPHI</span> <span class='ocrx_word' id='word_1_6' title='bbox 663 162 678 195; x_wconf 81' lang='lat' dir='ltr'><strong>A</strong></span> <span class='ocrx_word' id='word_1_7' title='bbox 760 153 836 191; x_wconf 84' lang='lat' dir='ltr'>XXXV</span> 
     </span>
    </p>
   </div>
   <div class='ocr_carea' id='block_1_2' title="bbox 83 299 838 415">
    <p class='ocr_par' dir='ltr' id='par_1_2' title="bbox 83 299 838 415">
     <span class='ocr_line' id='line_1_2' title="bbox 268 299 650 328; baseline -0.005 0"><span class='ocrx_word' id='word_1_8' title='bbox 268 299 283 328; x_wconf 78' lang='lat'>5.</span> <span class='ocrx_word' id='word_1_9' title='bbox 295 303 405 327; x_wconf 72' lang='lat' dir='ltr'>RESTAURATIO</span> <span class='ocrx_word' id='word_1_10' title='bbox 416 303 533 326; x_wconf 71' lang='lat' dir='ltr'>ruinosorflmu</span> <span class='ocrx_word' id='word_1_11' title='bbox 544 303 650 326; x_wconf 79' lang='lat' dir='ltr'>THOMISTICAE</span> 
     </span>
     <span class='ocr_line' id='line_1_3' title="bbox 231 347 685 371; baseline -0.002 -1"><span class='ocrx_word' id='word_1_12' title='bbox 231 348 335 371; x_wconf 71' lang='lat' dir='ltr'>rusrlrurlon‘l</span> <span class='ocrx_word' id='word_1_13' title='bbox 345 347 437 369; x_wconf 75' lang='lat' dir='ltr'>IUVENTUTIS</span> <span class='ocrx_word' id='word_1_14' title='bbox 447 347 547 369; x_wconf 64' lang='lat' dir='ltr'>auersatum</span> <span class='ocrx_word' id='word_1_15' title='bbox 558 347 685 370; x_wconf 72' lang='lat' dir='ltr'>ncmrsrasmcau</span> 
     </span>
     <span class='ocr_line' id='line_1_4' title="bbox 83 390 838 415; baseline -0.004 0"><span class='ocrx_word' id='word_1_16' title='bbox 83 395 102 415; x_wconf 84' lang='lat' dir='ltr'>ET</span> <span class='ocrx_word' id='word_1_17' title='bbox 113 393 217 415; x_wconf 70' lang='lat' dir='ltr'>GONVERSIONI</span> <span class='ocrx_word' id='word_1_18' title='bbox 229 391 302 414; x_wconf 78' lang='lat' dir='ltr'>Holrlnuu</span> <span class='ocrx_word' id='word_1_19' title='bbox 313 392 324 413; x_wconf 80' lang='grc' dir='ltr'><strong>Α</strong></span> <span class='ocrx_word' id='word_1_20' title='bbox 332 391 367 413; x_wconf 74' lang='lat' dir='ltr'>Fine</span> <span class='ocrx_word' id='word_1_21' title='bbox 378 390 472 412; x_wconf 73' lang='lat' dir='ltr'>Pnarruxru</span> <span class='ocrx_word' id='word_1_22' title='bbox 483 390 563 413; x_wconf 67' lang='lat' dir='ltr'>semustas</span> <span class='ocrx_word' id='word_1_23' title='bbox 573 391 655 413; x_wconf 73' lang='lat' dir='ltr'>nrvlouuu</span> <span class='ocrx_word' id='word_1_24' title='bbox 666 391 729 413; x_wconf 69' lang='lat' dir='ltr'>limma</span> <span class='ocrx_word' id='word_1_25' title='bbox 741 390 838 413; x_wconf 70' lang='lat' dir='ltr'><strong>PROFUTURA</strong></span> 
     </span>
    </p>
   </div>
   <div class='ocr_carea' id='block_1_3' title="bbox 148 446 836 494">
    <p class='ocr_par' dir='ltr' id='par_1_3' title="bbox 148 446 836 494">
     <span class='ocr_line' id='line_1_5' title="bbox 148 446 836 494; baseline -0.003 -9"><span class='ocrx_word' id='word_1_26' title='bbox 148 448 208 491; x_wconf 79' lang='lat' dir='ltr'>Quae</span> <span class='ocrx_word' id='word_1_27' title='bbox 223 450 295 485; x_wconf 89' lang='lat' dir='ltr'>autem</span> <span class='ocrx_word' id='word_1_28' title='bbox 309 447 398 494; x_wconf 88' lang='lat' dir='ltr'>iaciunt,</span> <span class='ocrx_word' id='word_1_29' title='bbox 413 449 437 484; x_wconf 87' lang='lat' dir='ltr'>nt</span> <span class='ocrx_word' id='word_1_30' title='bbox 452 457 530 494; x_wconf 85' lang='lat' dir='ltr'>magno</span> <span class='ocrx_word' id='word_1_31' title='bbox 545 446 568 484; x_wconf 92' lang='lat' dir='ltr'>id</span> <span class='ocrx_word' id='word_1_32' title='bbox 578 447 650 484; x_wconf 88' lang='lat' dir='ltr'>studio</span> <span class='ocrx_word' id='word_1_33' title='bbox 660 446 757 493; x_wconf 88' lang='lat' dir='ltr'>velimus,</span> <span class='ocrx_word' id='word_1_34' title='bbox 772 447 836 494; x_wconf 88' lang='lat' dir='ltr'>plura</span> 
     </span>
    </p>
   </div>
   <div class='ocr_carea' id='block_1_4' title="bbox 80 505 837 1693">
    <p class='ocr_par' dir='ltr' id='par_1_4' title="bbox 83 505 137 540">
     <span class='ocr_line' id='line_1_6' title="bbox 83 505 137 540; baseline -0.019 0"><span class='ocrx_word' id='word_1_35' title='bbox 83 505 137 540; x_wconf 90' lang='lat' dir='ltr'>sunt.</span> 
     </span>
    </p>

    <p class='ocr_par' dir='ltr' id='par_1_5' title="bbox 81 554 837 1092">
     <span class='ocr_line' id='line_1_7' title="bbox 148 554 836 603; baseline -0.003 -11"><span class='ocrx_word' id='word_1_36' title='bbox 148 555 259 603; x_wconf 86' lang='lat' dir='ltr'>Principio</span> <span class='ocrx_word' id='word_1_37' title='bbox 270 555 362 602; x_wconf 85' lang='lat' dir='ltr'>quidem,</span> <span class='ocrx_word' id='word_1_38' title='bbox 378 565 426 591; x_wconf 90' lang='lat' dir='ltr'>cum</span> <span class='ocrx_word' id='word_1_39' title='bbox 437 555 460 590; x_wconf 90' lang='lat' dir='ltr'>in</span> <span class='ocrx_word' id='word_1_40' title='bbox 472 554 512 591; x_wconf 88' lang='lat' dir='ltr'>hac</span> <span class='ocrx_word' id='word_1_41' title='bbox 523 557 650 602; x_wconf 78' lang='lat' dir='ltr'>tempestate</span> <span class='ocrx_word' id='word_1_42' title='bbox 660 558 740 602; x_wconf 88' lang='lat' dir='ltr'>nostra,</span> <span class='ocrx_word' id='word_1_43' title='bbox 756 554 836 592; x_wconf 89' lang='lat' dir='ltr'>machi-</span> 
     </span>
     <span class='ocr_line' id='line_1_8' title="bbox 83 608 836 656; baseline -0.003 -9"><span class='ocrx_word' id='word_1_44' title='bbox 83 609 207 647; x_wconf 86' lang='lat' dir='ltr'>nationibus</span> <span class='ocrx_word' id='word_1_45' title='bbox 225 612 246 645; x_wconf 89' lang='grc' dir='ltr'>ιι</span> <span class='ocrx_word' id='word_1_46' title='bbox 266 612 314 646; x_wconf 89' lang='lat' dir='ltr'>astu</span> <span class='ocrx_word' id='word_1_47' title='bbox 333 608 418 645; x_wconf 81' lang='lat' dir='ltr'>fallacis</span> <span class='ocrx_word' id='word_1_48' title='bbox 437 608 549 645; x_wconf 86' lang='lat' dir='ltr'>cuiusdam</span> <span class='ocrx_word' id='word_1_49' title='bbox 569 609 696 656; x_wconf 75' lang='lat' dir='ltr'>sapientiae,</span> <span class='ocrx_word' id='word_1_50' title='bbox 716 609 836 646; x_wconf 87' lang='lat' dir='ltr'>christiana</span> 
     </span>
     <span class='ocr_line' id='line_1_9' title="bbox 82 661 836 711; baseline -0.001 -10"><span class='ocrx_word' id='word_1_51' title='bbox 82 664 138 701; x_wconf 85' lang='lat' dir='ltr'>fides</span> <span class='ocrx_word' id='word_1_52' title='bbox 153 663 276 711; x_wconf 85' lang='lat' dir='ltr'>oppugnari</span> <span class='ocrx_word' id='word_1_53' title='bbox 291 663 364 709; x_wconf 79' lang='lat' dir='ltr'>soleat,</span> <span class='ocrx_word' id='word_1_54' title='bbox 380 661 451 699; x_wconf 90' lang='lat' dir='ltr'>cuncti</span> <span class='ocrx_word' id='word_1_55' title='bbox 466 662 618 710; x_wconf 88' lang='lat' dir='ltr'>adolescentes,</span> <span class='ocrx_word' id='word_1_56' title='bbox 633 664 671 700; x_wconf 90' lang='lat' dir='ltr'>sed</span> <span class='ocrx_word' id='word_1_57' title='bbox 681 663 697 699; x_wconf 94' lang='lat' dir='ltr'>ii</span> <span class='ocrx_word' id='word_1_58' title='bbox 707 662 836 700; x_wconf 88' lang='lat' dir='ltr'>nominatim</span> 
     </span>
     <span class='ocr_line' id='line_1_10' title="bbox 83 716 836 765; baseline 0 -11"><span class='ocrx_word' id='word_1_59' title='bbox 83 718 119 765; x_wconf 89' lang='lat' dir='ltr'>qui</span> <span class='ocrx_word' id='word_1_60' title='bbox 127 717 150 754; x_wconf 90' lang='lat' dir='ltr'>in</span> <span class='ocrx_word' id='word_1_61' title='bbox 156 716 265 754; x_wconf 77' lang='lat' dir='ltr'>Ecclesiae</span> <span class='ocrx_word' id='word_1_62' title='bbox 274 727 333 764; x_wconf 89' lang='lat' dir='ltr'>spem</span> <span class='ocrx_word' id='word_1_63' title='bbox 342 719 485 763; x_wconf 86' lang='lat' dir='ltr'>succrescunt,</span> <span class='ocrx_word' id='word_1_64' title='bbox 494 716 585 764; x_wconf 89' lang='lat' dir='ltr'>pollenti</span> <span class='ocrx_word' id='word_1_65' title='bbox 593 727 617 753; x_wconf 88' lang='lat' dir='ltr'>ac</span> <span class='ocrx_word' id='word_1_66' title='bbox 625 717 716 754; x_wconf 90' lang='lat' dir='ltr'>robusto</span> <span class='ocrx_word' id='word_1_67' title='bbox 723 718 836 754; x_wconf 88' lang='lat' dir='ltr'>doctrinae</span> 
     </span>
     <span class='ocr_line' id='line_1_11' title="bbox 82 770 836 819; baseline -0.001 -10.992"><span class='ocrx_word' id='word_1_68' title='bbox 82 771 162 819; x_wconf 88' lang='lat' dir='ltr'>pabulo</span> <span class='ocrx_word' id='word_1_69' title='bbox 177 771 204 808; x_wconf 90' lang='lat' dir='ltr'>ob</span> <span class='ocrx_word' id='word_1_70' title='bbox 215 782 262 808; x_wconf 90' lang='lat' dir='ltr'>eam</span> <span class='ocrx_word' id='word_1_71' title='bbox 274 781 372 808; x_wconf 88' lang='lat' dir='ltr'>caussam</span> <span class='ocrx_word' id='word_1_72' title='bbox 382 770 505 808; x_wconf 86' lang='lat' dir='ltr'>enutriendi</span> <span class='ocrx_word' id='word_1_73' title='bbox 520 773 575 817; x_wconf 90' lang='lat' dir='ltr'>sunt,</span> <span class='ocrx_word' id='word_1_74' title='bbox 590 773 614 807; x_wconf 91' lang='lat' dir='ltr'>ut</span> <span class='ocrx_word' id='word_1_75' title='bbox 629 770 715 808; x_wconf 88' lang='lat' dir='ltr'>viribus</span> <span class='ocrx_word' id='word_1_76' title='bbox 726 771 800 816; x_wconf 87' lang='lat' dir='ltr'>validi,</span> <span class='ocrx_word' id='word_1_77' title='bbox 815 774 836 808; x_wconf 87' lang='lat' dir='ltr'>et</span> 
     </span>
     <span class='ocr_line' id='line_1_12' title="bbox 83 823 836 873; baseline -0.001 -10"><span class='ocrx_word' id='word_1_78' title='bbox 83 825 170 873; x_wconf 85' lang='lat' dir='ltr'>copioso</span> <span class='ocrx_word' id='word_1_79' title='bbox 185 836 257 862; x_wconf 82' lang='lat' dir='ltr'>mmor</span> <span class='ocrx_word' id='word_1_80' title='bbox 259 836 295 861; x_wconf 92' lang='lat' dir='ltr'>um</span> <span class='ocrx_word' id='word_1_81' title='bbox 306 827 415 873; x_wconf 84' lang='lat' dir='ltr'>apparatu</span> <span class='ocrx_word' id='word_1_82' title='bbox 424 823 531 871; x_wconf 90' lang='lat' dir='ltr'>instructi,</span> <span class='ocrx_word' id='word_1_83' title='bbox 546 828 631 862; x_wconf 83' lang='grc' dir='ltr'>ιιιιιιιιι</span> <span class='ocrx_word' id='word_1_84' title='bbox 642 827 766 862; x_wconf 87' lang='lat' dir='ltr'>assuescant</span> <span class='ocrx_word' id='word_1_85' title='bbox 777 835 836 862; x_wconf 89' lang='lat' dir='ltr'>caus</span> 
     </span>
     <span class='ocr_line' id='line_1_13' title="bbox 82 873 836 927; baseline 0 -11"><span class='ocrx_word' id='word_1_86' title='bbox 82 891 127 916; x_wconf 88' lang='lat' dir='ltr'>sam</span> <span class='ocrx_word' id='word_1_87' title='bbox 141 878 254 927; x_wconf 85' lang='lat' dir='ltr'>religionis</span> <span class='ocrx_word' id='word_1_88' title='bbox 269 873 356 916; x_wconf 77' lang='lat' dir='ltr'>fortiter</span> <span class='ocrx_word' id='word_1_89' title='bbox 372 878 513 926; x_wconf 87' lang='lat' dir='ltr'>etsapienter</span> <span class='ocrx_word' id='word_1_90' title='bbox 530 889 599 926; x_wconf 79' lang='lat' dir='ltr'>agere,</span> <span class='ocrx_word' id='word_1_91' title='bbox 612 879 690 927; x_wconf 75' lang='lat' dir='ltr'>parati</span> <span class='ocrx_word' id='word_1_92' title='bbox 704 890 790 926; x_wconf 74' lang='lat' dir='ltr'>seraper,</span> <span class='ocrx_word' id='word_1_93' title='bbox 806 890 836 916; x_wconf 84' lang='lat' dir='ltr'>se-</span> 
     </span>
     <span class='ocr_line' id='line_1_14' title="bbox 82 932 837 994; baseline 0 -23"><span class='ocrx_word' id='word_1_94' title='bbox 82 933 176 971; x_wconf 87' lang='lat' dir='ltr'>cundum</span> <span class='ocrx_word' id='word_1_95' title='bbox 191 932 316 981; x_wconf 84' lang='lat' dir='ltr'>Apostolica</span> <span class='ocrx_word' id='word_1_96' title='bbox 330 933 422 981; x_wconf 89' lang='lat' dir='ltr'>monita,</span> <span class='ocrx_word' id='word_1_97' title='bbox 441 934 470 971; x_wconf 83' lang='lat' dir='ltr'>cd</span> <span class='ocrx_word' id='word_1_98' title='bbox 484 935 519 970; x_wconf 80' lang='lat' dir='ltr'>sat</span> <span class='ocrx_word' id='word_1_99' title='bbox 511 932 590 971; x_wconf 76' lang='grc' dir='ltr'>ιιιιιιιι</span> <span class='ocrx_word' id='word_1_100' title='bbox 574 935 653 971; x_wconf 74' lang='lat' dir='ltr'>taonem</span> <span class='ocrx_word' id='word_1_101' title='bbox 668 933 728 971; x_wconf 77' lang='lat' dir='ltr'>ormi</span> <span class='ocrx_word' id='word_1_102' title='bbox 738 933 837 994; x_wconf 72' lang='lat' dir='ltr'>poscenti</span> 
     </span>
     <span class='ocr_line' id='line_1_15' title="bbox 81 964 837 1037; baseline 0.001 -12"><span class='ocrx_word' id='word_1_103' title='bbox 81 989 188 1025; x_wconf 75' lang='lat' dir='ltr'>rationem</span> <span class='ocrx_word' id='word_1_104' title='bbox 208 989 234 1025; x_wconf 84' lang='lat' dir='ltr'>dc</span> <span class='ocrx_word' id='word_1_105' title='bbox 254 1000 289 1033; x_wconf 82' lang='lat' dir='ltr'>ec,</span> <span class='ocrx_word' id='word_1_106' title='bbox 310 999 365 1037; x_wconf 82' lang='lat' dir='ltr'>quae</span> <span class='ocrx_word' id='word_1_107' title='bbox 385 988 409 1025; x_wconf 84' lang='grc' dir='ltr'>ιἰι</span> <span class='ocrx_word' id='word_1_108' title='bbox 418 964 485 1026; x_wconf 64' lang='lat' dir='ltr'>yaeoliis</span> <span class='ocrx_word' id='word_1_109' title='bbox 506 989 541 1033; x_wconf 79' lang='lat' dir='ltr'>est,</span> <span class='ocrx_word' id='word_1_110' title='bbox 562 989 657 1037; x_wconf 80' lang='lat' dir='ltr'>spc¹;e</span> <span class='ocrx_word' id='word_1_111' title='bbox 646 987 796 1026; x_wconf 63' lang='lat' dir='ltr'>meritoriam</span> <span class='ocrx_word' id='word_1_112' title='bbox 813 999 837 1026; x_wconf 86' lang='grc' dir='ltr'>ιιι</span> 
     </span>
     <span class='ocr_line' id='line_1_16' title="bbox 82 1042 689 1092; baseline 0.002 -12"><span class='ocrx_word' id='word_1_113' title='bbox 82 1043 183 1081; x_wconf 72' lang='lat' dir='ltr'>doctrina</span> <span class='ocrx_word' id='word_1_114' title='bbox 196 1045 293 1088; x_wconf 66' lang='lat' dir='ltr'>suamet</span> <span class='ocrx_word' id='word_1_115' title='bbox 308 1054 342 1081; x_wconf 81' lang='lat' dir='ltr'>eos</span> <span class='ocrx_word' id='word_1_116' title='bbox 357 1044 395 1092; x_wconf 75' lang='lat' dir='ltr'>qut</span> <span class='ocrx_word' id='word_1_117' title='bbox 409 1054 448 1081; x_wconf 78' lang='lat' dir='ltr'>coa</span> <span class='ocrx_word' id='word_1_118' title='bbox 450 1042 566 1089; x_wconf 72' lang='lat' dir='ltr'>taediarent</span> <span class='ocrx_word' id='word_1_119' title='bbox 582 1044 689 1092; x_wconf 58' lang='lat' dir='ltr'>capuae-³.</span> 
     </span>
    </p>

    <p class='ocr_par' dir='ltr' id='par_1_6' title="bbox 80 1097 836 1693">
     <span class='ocr_line' id='line_1_17' title="bbox 146 1097 836 1190; baseline 0 -55"><span class='ocrx_word' id='word_1_120' title='bbox 146 1097 228 1160; x_wconf 80' lang='lat' dir='ltr'>Deinde</span> <span class='ocrx_word' id='word_1_121' title='bbox 229 1097 332 1190; x_wconf 57' lang='grc' dir='ltr'>ἴ’ριιιιιιιιι</span> <span class='ocrx_word' id='word_1_122' title='bbox 348 1109 374 1135; x_wconf 83' lang='lat' dir='ltr'>ex</span> <span class='ocrx_word' id='word_1_123' title='bbox 389 1097 416 1135; x_wconf 91' lang='lat' dir='ltr'>iis</span> <span class='ocrx_word' id='word_1_124' title='bbox 431 1097 555 1136; x_wconf 88' lang='lat' dir='ltr'>hominibus</span> <span class='ocrx_word' id='word_1_125' title='bbox 571 1097 613 1146; x_wconf 90' lang='lat' dir='ltr'>qui,</span> <span class='ocrx_word' id='word_1_126' title='bbox 629 1097 752 1136; x_wconf 86' lang='lat' dir='ltr'>abalienato</span> <span class='ocrx_word' id='word_1_127' title='bbox 767 1098 836 1136; x_wconf 83' lang='lat' dir='ltr'>afidc</span> 
     </span>
     <span class='ocr_line' id='line_1_18' title="bbox 84 1152 836 1201; baseline 0 -11"><span class='ocrx_word' id='word_1_128' title='bbox 84 1153 160 1200; x_wconf 87' lang='lat' dir='ltr'>animo,</span> <span class='ocrx_word' id='word_1_129' title='bbox 176 1152 237 1190; x_wconf 87' lang='lat' dir='ltr'>instit</span> <span class='ocrx_word' id='word_1_130' title='bbox 239 1155 276 1190; x_wconf 86' lang='lat' dir='ltr'>uta</span> <span class='ocrx_word' id='word_1_131' title='bbox 254 1153 398 1191; x_wconf 85' lang='lat' dir='ltr'>tcatholica</span> <span class='ocrx_word' id='word_1_132' title='bbox 408 1153 460 1191; x_wconf 83' lang='lat' dir='ltr'>oder</span> <span class='ocrx_word' id='word_1_133' title='bbox 462 1155 506 1200; x_wconf 90' lang='lat' dir='ltr'>unt</span> <span class='ocrx_word' id='word_1_134' title='bbox 521 1152 589 1190; x_wconf 88' lang='lat' dir='ltr'>solam</span> <span class='ocrx_word' id='word_1_135' title='bbox 599 1152 640 1190; x_wconf 91' lang='lat' dir='ltr'>sibi</span> <span class='ocrx_word' id='word_1_136' title='bbox 650 1164 696 1191; x_wconf 88' lang='lat' dir='ltr'>esse</span> <span class='ocrx_word' id='word_1_137' title='bbox 708 1153 836 1201; x_wconf 76' lang='lat' dir='ltr'>magistram</span> 
     </span>
     <span class='ocr_line' id='line_1_19' title="bbox 82 1207 836 1256; baseline 0.001 -12"><span class='ocrx_word' id='word_1_138' title='bbox 82 1218 106 1245; x_wconf 89' lang='lat' dir='ltr'>ac</span> <span class='ocrx_word' id='word_1_139' title='bbox 117 1208 244 1245; x_wconf 87' lang='lat' dir='ltr'>ducemrat&#39;</span> <span class='ocrx_word' id='word_1_140' title='bbox 229 1211 310 1245; x_wconf 82' lang='lat' dir='ltr'>ionem</span> <span class='ocrx_word' id='word_1_141' title='bbox 319 1207 458 1256; x_wconf 80' lang='lat' dir='ltr'>profitentur</span> <span class='ocrx_word' id='word_1_142' title='bbox 477 1207 511 1245; x_wconf 87' lang='lat' dir='ltr'>Ad</span> <span class='ocrx_word' id='word_1_143' title='bbox 521 1207 560 1245; x_wconf 89' lang='lat' dir='ltr'>hos</span> <span class='ocrx_word' id='word_1_144' title='bbox 571 1210 608 1245; x_wconf 88' lang='lat' dir='ltr'>aut</span> <span class='ocrx_word' id='word_1_145' title='bbox 610 1219 643 1245; x_wconf 92' lang='lat' dir='ltr'>em</span> <span class='ocrx_word' id='word_1_146' title='bbox 653 1208 766 1254; x_wconf 87' lang='lat' dir='ltr'>sanandos</span> <span class='ocrx_word' id='word_1_147' title='bbox 782 1210 803 1245; x_wconf 90' lang='lat' dir='ltr'>et</span> <span class='ocrx_word' id='word_1_148' title='bbox 813 1207 836 1245; x_wconf 85' lang='lat' dir='ltr'>in</span> 
     </span>
     <span class='ocr_line' id='line_1_20' title="bbox 81 1262 835 1310; baseline 0 -11"><span class='ocrx_word' id='word_1_149' title='bbox 81 1262 175 1310; x_wconf 77' lang='lat' dir='ltr'>gratiam</span> <span class='ocrx_word' id='word_1_150' title='bbox 186 1274 234 1299; x_wconf 81' lang='lat' dir='ltr'>cunr</span> <span class='ocrx_word' id='word_1_151' title='bbox 242 1262 287 1300; x_wconf 82' lang='lat' dir='ltr'>fide</span> <span class='ocrx_word' id='word_1_152' title='bbox 295 1262 402 1300; x_wconf 84' lang='lat' dir='ltr'>catholica</span> <span class='ocrx_word' id='word_1_153' title='bbox 409 1262 561 1309; x_wconf 86' lang='lat' dir='ltr'>restituendos,</span> <span class='ocrx_word' id='word_1_154' title='bbox 571 1264 658 1310; x_wconf 89' lang='lat' dir='ltr'>praeter</span> <span class='ocrx_word' id='word_1_155' title='bbox 667 1262 835 1310; x_wconf 78' lang='lat' dir='ltr'>supernaturale</span> 
     </span>
     <span class='ocr_line' id='line_1_21' title="bbox 80 1316 832 1365; baseline 0 -12"><span class='ocrx_word' id='word_1_156' title='bbox 80 1316 119 1353; x_wconf 88' lang='lat' dir='ltr'>Dei</span> <span class='ocrx_word' id='word_1_157' title='bbox 135 1316 245 1364; x_wconf 85' lang='lat' dir='ltr'>auxilium,</span> <span class='ocrx_word' id='word_1_158' title='bbox 259 1316 314 1354; x_wconf 90' lang='lat' dir='ltr'>nihil</span> <span class='ocrx_word' id='word_1_159' title='bbox 329 1328 374 1354; x_wconf 91' lang='lat' dir='ltr'>esse</span> <span class='ocrx_word' id='word_1_160' title='bbox 390 1316 534 1365; x_wconf 88' lang='lat' dir='ltr'>opportunius</span> <span class='ocrx_word' id='word_1_161' title='bbox 549 1316 694 1363; x_wconf 70' lang='lat' dir='ltr'>arbitramiu‘,</span> <span class='ocrx_word' id='word_1_162' title='bbox 704 1328 769 1365; x_wconf 85' lang='lat' dir='ltr'>quam</span> <span class='ocrx_word' id='word_1_163' title='bbox 784 1316 832 1354; x_wconf 90' lang='lat' dir='ltr'>soli·</span> 
     </span>
     <span class='ocr_line' id='line_1_22' title="bbox 81 1370 830 1420; baseline -0.001 -12"><span class='ocrx_word' id='word_1_164' title='bbox 81 1371 130 1408; x_wconf 86' lang='lat' dir='ltr'>dam</span> <span class='ocrx_word' id='word_1_165' title='bbox 137 1371 228 1409; x_wconf 88' lang='lat' dir='ltr'>Patrum</span> <span class='ocrx_word' id='word_1_166' title='bbox 236 1374 256 1409; x_wconf 93' lang='lat' dir='ltr'>et</span> <span class='ocrx_word' id='word_1_167' title='bbox 267 1371 449 1410; x_wconf 83' lang='lat' dir='ltr'>Scholasticorum</span> <span class='ocrx_word' id='word_1_168' title='bbox 460 1371 586 1418; x_wconf 87' lang='lat' dir='ltr'>doctrinam,</span> <span class='ocrx_word' id='word_1_169' title='bbox 597 1371 634 1420; x_wconf 82' lang='lat' dir='ltr'>qui</span> <span class='ocrx_word' id='word_1_170' title='bbox 644 1370 770 1408; x_wconf 77' lang='lat' dir='ltr'>firmissima</span> <span class='ocrx_word' id='word_1_171' title='bbox 777 1371 830 1409; x_wconf 81' lang='lat' dir='ltr'>fidei</span> 
     </span>
     <span class='ocr_line' id='line_1_23' title="bbox 80 1425 831 1474; baseline 0 -12"><span class='ocrx_word' id='word_1_172' title='bbox 80 1426 226 1474; x_wconf 85' lang='lat' dir='ltr'>fundamenta,</span> <span class='ocrx_word' id='word_1_173' title='bbox 241 1426 338 1464; x_wconf 88' lang='lat' dir='ltr'>divinam</span> <span class='ocrx_word' id='word_1_174' title='bbox 347 1425 406 1463; x_wconf 90' lang='lat' dir='ltr'>illius</span> <span class='ocrx_word' id='word_1_175' title='bbox 416 1426 528 1474; x_wconf 80' lang='lat' dir='ltr'>originem,</span> <span class='ocrx_word' id='word_1_176' title='bbox 543 1429 625 1463; x_wconf 90' lang='lat' dir='ltr'>certam</span> <span class='ocrx_word' id='word_1_177' title='bbox 636 1425 756 1473; x_wconf 76' lang='lat' dir='ltr'>ueritatem,</span> <span class='ocrx_word' id='word_1_178' title='bbox 768 1436 831 1474; x_wconf 86' lang='lat' dir='ltr'>argu-</span> 
     </span>
     <span class='ocr_line' id='line_1_24' title="bbox 80 1480 831 1529; baseline 0.001 -13"><span class='ocrx_word' id='word_1_179' title='bbox 80 1483 152 1518; x_wconf 87' lang='lat' dir='ltr'>menta</span> <span class='ocrx_word' id='word_1_180' title='bbox 167 1480 246 1529; x_wconf 90' lang='lat' dir='ltr'>quibus</span> <span class='ocrx_word' id='word_1_181' title='bbox 256 1481 365 1528; x_wconf 84' lang='lat' dir='ltr'>suadetur,</span> <span class='ocrx_word' id='word_1_182' title='bbox 379 1480 486 1519; x_wconf 81' lang='lat' dir='ltr'>beneficia</span> <span class='ocrx_word' id='word_1_183' title='bbox 500 1480 523 1517; x_wconf 88' lang='lat' dir='ltr'>in</span> <span class='ocrx_word' id='word_1_184' title='bbox 538 1480 656 1518; x_wconf 87' lang='lat' dir='ltr'>humanum</span> <span class='ocrx_word' id='word_1_185' title='bbox 668 1491 737 1529; x_wconf 87' lang='lat' dir='ltr'>genus</span> <span class='ocrx_word' id='word_1_186' title='bbox 747 1480 831 1526; x_wconf 89' lang='lat' dir='ltr'>collata,</span> 
     </span>
     <span class='ocr_line' id='line_1_25' title="bbox 80 1532 830 1583; baseline -0.003 -10"><span class='ocrx_word' id='word_1_187' title='bbox 80 1535 242 1583; x_wconf 76' lang='lat' dir='ltr'>perfectamque</span> <span class='ocrx_word' id='word_1_188' title='bbox 257 1547 306 1573; x_wconf 90' lang='lat' dir='ltr'>cum</span> <span class='ocrx_word' id='word_1_189' title='bbox 319 1535 405 1573; x_wconf 90' lang='lat' dir='ltr'>ratione</span> <span class='ocrx_word' id='word_1_190' title='bbox 420 1532 558 1572; x_wconf 84' lang='lat' dir='ltr'>concordiam</span> <span class='ocrx_word' id='word_1_191' title='bbox 572 1537 633 1572; x_wconf 85' lang='lat' dir='ltr'>tanta</span> <span class='ocrx_word' id='word_1_192' title='bbox 648 1534 758 1572; x_wconf 81' lang='lat' dir='ltr'>evidentia</span> <span class='ocrx_word' id='word_1_193' title='bbox 773 1538 794 1572; x_wconf 86' lang='lat' dir='ltr'>et</span> <span class='ocrx_word' id='word_1_194' title='bbox 809 1534 830 1572; x_wconf 87' lang='lat' dir='ltr'>vi</span> 
     </span>
     <span class='ocr_line' id='line_1_26' title="bbox 80 1588 831 1638; baseline 0.001 -13"><span class='ocrx_word' id='word_1_195' title='bbox 80 1592 255 1636; x_wconf 84' lang='lat' dir='ltr'>commonstrant,</span> <span class='ocrx_word' id='word_1_196' title='bbox 271 1593 351 1638; x_wconf 87' lang='lat' dir='ltr'>quanta</span> <span class='ocrx_word' id='word_1_197' title='bbox 366 1589 480 1628; x_wconf 78' lang='lat' dir='ltr'>flectendis</span> <span class='ocrx_word' id='word_1_198' title='bbox 489 1588 598 1627; x_wconf 89' lang='lat' dir='ltr'>mentibus</span> <span class='ocrx_word' id='word_1_199' title='bbox 608 1589 643 1627; x_wconf 89' lang='lat' dir='ltr'>vel</span> <span class='ocrx_word' id='word_1_200' title='bbox 653 1589 746 1627; x_wconf 76' lang='lat' dir='ltr'>maxime</span> <span class='ocrx_word' id='word_1_201' title='bbox 755 1588 831 1626; x_wconf 84' lang='lat' dir='ltr'>invitis</span> 
     </span>
     <span class='ocr_line' id='line_1_27' title="bbox 81 1643 506 1693; baseline 0.002 -13"><span class='ocrx_word' id='word_1_202' title='bbox 81 1647 101 1680; x_wconf 87' lang='lat' dir='ltr'>et</span> <span class='ocrx_word' id='word_1_203' title='bbox 115 1644 289 1693; x_wconf 84' lang='lat' dir='ltr'>repugnantibus</span> <span class='ocrx_word' id='word_1_204' title='bbox 304 1645 390 1682; x_wconf 87' lang='lat' dir='ltr'>abunde</span> <span class='ocrx_word' id='word_1_205' title='bbox 404 1643 506 1682; x_wconf 82' lang='lat' dir='ltr'>sufficiat.</span> 
     </span>
    </p>
   </div>
   <div class='ocr_carea' id='block_1_5' title="bbox 221 1766 691 1845">
    <p class='ocr_par' dir='ltr' id='par_1_7' title="bbox 221 1766 691 1845">
     <span class='ocr_line' id='line_1_28' title="bbox 283 1766 628 1795; baseline -0.006 0"><span class='ocrx_word' id='word_1_206' title='bbox 283 1766 298 1795; x_wconf 78' lang='grc'>6.</span> <span class='ocrx_word' id='word_1_207' title='bbox 307 1772 424 1795; x_wconf 81' lang='lat' dir='ltr'>FHILOSOPHIAE</span> <span class='ocrx_word' id='word_1_208' title='bbox 434 1772 541 1795; x_wconf 70' lang='lat' dir='ltr'>ructusrtcau</span> <span class='ocrx_word' id='word_1_209' title='bbox 551 1771 592 1794; x_wconf 70' lang='lat' dir='ltr'>mua</span> <span class='ocrx_word' id='word_1_210' title='bbox 603 1771 628 1794; x_wconf 85' lang='lat' dir='ltr'>VIS</span> 
     </span>
     <span class='ocr_line' id='line_1_29' title="bbox 221 1814 691 1845; baseline 0 -8"><span class='ocrx_word' id='word_1_211' title='bbox 221 1816 237 1838; x_wconf 82' lang='grc' dir='ltr'>ΙΝ</span> <span class='ocrx_word' id='word_1_212' title='bbox 247 1815 331 1839; x_wconf 64' lang='lat' dir='ltr'>curruum</span> <span class='ocrx_word' id='word_1_213' title='bbox 342 1815 422 1838; x_wconf 70' lang='lat' dir='ltr'>samarian</span> <span class='ocrx_word' id='word_1_214' title='bbox 433 1815 514 1845; x_wconf 66' lang='lat' dir='ltr'>maula,</span> <span class='ocrx_word' id='word_1_215' title='bbox 525 1814 612 1837; x_wconf 76' lang='lat' dir='ltr'>PRAECIPUE</span> <span class='ocrx_word' id='word_1_216' title='bbox 622 1814 691 1837; x_wconf 70' lang='lat' dir='ltr'>socratis</span> 
     </span>
    </p>
   </div>
   <div class='ocr_carea' id='block_1_6' title="bbox 78 1871 832 2624">
    <p class='ocr_par' dir='ltr' id='par_1_8' title="bbox 78 1871 832 2624">
     <span class='ocr_line' id='line_1_30' title="bbox 145 1871 831 1920; baseline -0.001 -11"><span class='ocrx_word' id='word_1_217' title='bbox 145 1872 267 1910; x_wconf 84' lang='lat' dir='ltr'>Domestica</span> <span class='ocrx_word' id='word_1_218' title='bbox 276 1883 335 1919; x_wconf 81' lang='lat' dir='ltr'>vero,</span> <span class='ocrx_word' id='word_1_219' title='bbox 350 1876 415 1920; x_wconf 86' lang='lat' dir='ltr'>atque</span> <span class='ocrx_word' id='word_1_220' title='bbox 430 1872 500 1910; x_wconf 82' lang='lat' dir='ltr'>civilis</span> <span class='ocrx_word' id='word_1_221' title='bbox 510 1872 558 1920; x_wconf 89' lang='lat' dir='ltr'>ipsa</span> <span class='ocrx_word' id='word_1_222' title='bbox 568 1871 665 1918; x_wconf 85' lang='lat' dir='ltr'>societas,</span> <span class='ocrx_word' id='word_1_223' title='bbox 681 1883 736 1919; x_wconf 88' lang='lat' dir='ltr'>quae</span> <span class='ocrx_word' id='word_1_224' title='bbox 746 1872 773 1909; x_wconf 90' lang='lat' dir='ltr'>ob</span> <span class='ocrx_word' id='word_1_225' title='bbox 784 1882 831 1919; x_wconf 89' lang='lat' dir='ltr'>per-</span> 
     </span>
     <span class='ocr_line' id='line_1_31' title="bbox 79 1925 831 1975; baseline 0 -13"><span class='ocrx_word' id='word_1_226' title='bbox 79 1937 193 1963; x_wconf 86' lang='lat' dir='ltr'>versarum</span> <span class='ocrx_word' id='word_1_227' title='bbox 207 1926 333 1975; x_wconf 86' lang='lat' dir='ltr'>opinionum</span> <span class='ocrx_word' id='word_1_228' title='bbox 347 1929 430 1974; x_wconf 89' lang='lat' dir='ltr'>pestem</span> <span class='ocrx_word' id='word_1_229' title='bbox 445 1929 526 1973; x_wconf 87' lang='lat' dir='ltr'>quanto</span> <span class='ocrx_word' id='word_1_230' title='bbox 545 1926 568 1963; x_wconf 93' lang='lat' dir='ltr'>in</span> <span class='ocrx_word' id='word_1_231' title='bbox 583 1925 708 1963; x_wconf 80' lang='lat' dir='ltr'>discrimine</span> <span class='ocrx_word' id='word_1_232' title='bbox 725 1927 831 1971; x_wconf 76' lang='lat' dir='ltr'>versetm‘,</span> 
     </span>
     <span class='ocr_line' id='line_1_32' title="bbox 79 1979 831 2028; baseline 0 -12"><span class='ocrx_word' id='word_1_233' title='bbox 79 1979 177 2017; x_wconf 87' lang='lat' dir='ltr'>universi</span> <span class='ocrx_word' id='word_1_234' title='bbox 197 1980 347 2028; x_wconf 85' lang='lat' dir='ltr'>perspicimus,</span> <span class='ocrx_word' id='word_1_235' title='bbox 368 1980 467 2028; x_wconf 86' lang='lat' dir='ltr'>proiecto</span> <span class='ocrx_word' id='word_1_236' title='bbox 486 1979 584 2028; x_wconf 84' lang='lat' dir='ltr'>pacatior</span> <span class='ocrx_word' id='word_1_237' title='bbox 604 1979 673 2017; x_wconf 89' lang='lat' dir='ltr'>multo</span> <span class='ocrx_word' id='word_1_238' title='bbox 693 1982 714 2016; x_wconf 89' lang='grc' dir='ltr'>ιι</span> <span class='ocrx_word' id='word_1_239' title='bbox 734 1979 831 2016; x_wconf 89' lang='lat' dir='ltr'>securior</span> 
     </span>
     <span class='ocr_line' id='line_1_33' title="bbox 80 2033 831 2081; baseline 0 -11"><span class='ocrx_word' id='word_1_240' title='bbox 80 2033 212 2081; x_wconf 87' lang='lat' dir='ltr'>consisteret,</span> <span class='ocrx_word' id='word_1_241' title='bbox 229 2034 247 2071; x_wconf 90' lang='lat' dir='ltr'>si</span> <span class='ocrx_word' id='word_1_242' title='bbox 262 2034 285 2071; x_wconf 87' lang='lat' dir='ltr'>in</span> <span class='ocrx_word' id='word_1_243' title='bbox 300 2033 421 2071; x_wconf 77' lang='lat' dir='ltr'>Academiis</span> <span class='ocrx_word' id='word_1_244' title='bbox 439 2036 460 2072; x_wconf 92' lang='lat' dir='ltr'>et</span> <span class='ocrx_word' id='word_1_245' title='bbox 474 2034 553 2071; x_wconf 89' lang='lat' dir='ltr'>scholis</span> <span class='ocrx_word' id='word_1_246' title='bbox 568 2034 641 2071; x_wconf 87' lang='lat' dir='ltr'>sanior</span> <span class='ocrx_word' id='word_1_247' title='bbox 656 2034 790 2080; x_wconf 88' lang='lat' dir='ltr'>traderetur,</span> <span class='ocrx_word' id='word_1_248' title='bbox 811 2036 831 2071; x_wconf 89' lang='lat' dir='ltr'>et</span> 
     </span>
     <span class='ocr_line' id='line_1_34' title="bbox 79 2087 831 2135; baseline 0.001 -12"><span class='ocrx_word' id='word_1_249' title='bbox 79 2087 205 2135; x_wconf 84' lang='lat' dir='ltr'>magisterio</span> <span class='ocrx_word' id='word_1_250' title='bbox 222 2088 332 2125; x_wconf 82' lang='lat' dir='ltr'>Ecclesiae</span> <span class='ocrx_word' id='word_1_251' title='bbox 352 2087 484 2125; x_wconf 85' lang='lat' dir='ltr'>conformior</span> <span class='ocrx_word' id='word_1_252' title='bbox 505 2087 610 2134; x_wconf 86' lang='lat' dir='ltr'>doctrina,</span> <span class='ocrx_word' id='word_1_253' title='bbox 632 2087 717 2135; x_wconf 87' lang='lat' dir='ltr'>qualem</span> <span class='ocrx_word' id='word_1_254' title='bbox 737 2087 831 2124; x_wconf 81' lang='lat' dir='ltr'>Thomas</span> 
     </span>
     <span class='ocr_line' id='line_1_35' title="bbox 80 2140 832 2189; baseline 0 -12"><span class='ocrx_word' id='word_1_255' title='bbox 80 2140 194 2188; x_wconf 86' lang='lat' dir='ltr'>Aquinatis</span> <span class='ocrx_word' id='word_1_256' title='bbox 209 2142 320 2179; x_wconf 89' lang='lat' dir='ltr'>volumina</span> <span class='ocrx_word' id='word_1_257' title='bbox 335 2141 513 2189; x_wconf 83' lang='lat' dir='ltr'>eornplectuntur.</span> <span class='ocrx_word' id='word_1_258' title='bbox 539 2141 599 2184; x_wconf 79' lang='lat' dir='ltr'>Quae</span> <span class='ocrx_word' id='word_1_259' title='bbox 614 2141 671 2179; x_wconf 87' lang='lat' dir='ltr'>enim</span> <span class='ocrx_word' id='word_1_260' title='bbox 686 2141 712 2178; x_wconf 88' lang='lat' dir='ltr'>de</span> <span class='ocrx_word' id='word_1_261' title='bbox 727 2152 832 2189; x_wconf 83' lang='lat' dir='ltr'>germana</span> 
     </span>
     <span class='ocr_line' id='line_1_36' title="bbox 78 2194 832 2244; baseline 0.001 -14"><span class='ocrx_word' id='word_1_262' title='bbox 78 2194 163 2232; x_wconf 88' lang='lat' dir='ltr'>ratione</span> <span class='ocrx_word' id='word_1_263' title='bbox 171 2195 285 2240; x_wconf 86' lang='lat' dir='ltr'>libertatis,</span> <span class='ocrx_word' id='word_1_264' title='bbox 296 2195 336 2233; x_wconf 89' lang='lat' dir='ltr'>hoc</span> <span class='ocrx_word' id='word_1_265' title='bbox 347 2198 445 2244; x_wconf 88' lang='lat' dir='ltr'>tempore</span> <span class='ocrx_word' id='word_1_266' title='bbox 452 2196 475 2232; x_wconf 92' lang='lat' dir='ltr'>in</span> <span class='ocrx_word' id='word_1_267' title='bbox 485 2195 595 2233; x_wconf 89' lang='lat' dir='ltr'>licentiam</span> <span class='ocrx_word' id='word_1_268' title='bbox 606 2195 711 2241; x_wconf 79' lang='lat' dir='ltr'>abeuntis,</span> <span class='ocrx_word' id='word_1_269' title='bbox 722 2195 748 2232; x_wconf 87' lang='lat' dir='ltr'>de</span> <span class='ocrx_word' id='word_1_270' title='bbox 756 2194 832 2232; x_wconf 85' lang='lat' dir='ltr'>divina</span> 
     </span>
     <span class='ocr_line' id='line_1_37' title="bbox 80 2247 832 2298; baseline 0.003 -15"><span class='ocrx_word' id='word_1_271' title='bbox 80 2247 194 2286; x_wconf 84' lang='lat' dir='ltr'>cuiuslibet</span> <span class='ocrx_word' id='word_1_272' title='bbox 210 2249 347 2286; x_wconf 86' lang='lat' dir='ltr'>auctoritatis</span> <span class='ocrx_word' id='word_1_273' title='bbox 362 2249 452 2297; x_wconf 87' lang='lat' dir='ltr'>origine,</span> <span class='ocrx_word' id='word_1_274' title='bbox 472 2250 498 2286; x_wconf 90' lang='lat' dir='ltr'>de</span> <span class='ocrx_word' id='word_1_275' title='bbox 517 2249 602 2298; x_wconf 87' lang='lat' dir='ltr'>legibus</span> <span class='ocrx_word' id='word_1_276' title='bbox 619 2260 738 2296; x_wconf 86' lang='lat' dir='ltr'>earumque</span> <span class='ocrx_word' id='word_1_277' title='bbox 756 2248 785 2295; x_wconf 84' lang='lat' dir='ltr'>vi,</span> <span class='ocrx_word' id='word_1_278' title='bbox 806 2249 832 2286; x_wconf 90' lang='lat' dir='ltr'>de</span> 
     </span>
     <span class='ocr_line' id='line_1_38' title="bbox 79 2302 831 2351; baseline 0.001 -13"><span class='ocrx_word' id='word_1_279' title='bbox 79 2303 170 2347; x_wconf 88' lang='lat' dir='ltr'>paterno</span> <span class='ocrx_word' id='word_1_280' title='bbox 185 2305 207 2340; x_wconf 93' lang='lat' dir='ltr'>et</span> <span class='ocrx_word' id='word_1_281' title='bbox 222 2314 290 2351; x_wconf 87' lang='lat' dir='ltr'>aequo</span> <span class='ocrx_word' id='word_1_282' title='bbox 305 2314 439 2340; x_wconf 86' lang='lat' dir='ltr'>summorum</span> <span class='ocrx_word' id='word_1_283' title='bbox 453 2303 580 2351; x_wconf 85' lang='lat' dir='ltr'>Principum</span> <span class='ocrx_word' id='word_1_284' title='bbox 594 2302 691 2351; x_wconf 89' lang='lat' dir='ltr'>imperio,</span> <span class='ocrx_word' id='word_1_285' title='bbox 710 2303 737 2340; x_wconf 90' lang='lat' dir='ltr'>de</span> <span class='ocrx_word' id='word_1_286' title='bbox 752 2302 831 2339; x_wconf 89' lang='lat' dir='ltr'>obtem-</span> 
     </span>
     <span class='ocr_line' id='line_1_39' title="bbox 79 2356 832 2406; baseline 0.001 -14"><span class='ocrx_word' id='word_1_287' title='bbox 79 2356 191 2402; x_wconf 89' lang='lat' dir='ltr'>peratione</span> <span class='ocrx_word' id='word_1_288' title='bbox 206 2356 370 2395; x_wconf 90' lang='lat' dir='ltr'>sublimioribus</span> <span class='ocrx_word' id='word_1_289' title='bbox 384 2357 535 2406; x_wconf 71' lang='lat' dir='ltr'>potestatibus</span> <span class='ocrx_word' id='word_1_290' title='bbox 555 2358 581 2396; x_wconf 87' lang='lat' dir='ltr'>de</span> <span class='ocrx_word' id='word_1_291' title='bbox 596 2360 672 2395; x_wconf 87' lang='lat' dir='ltr'>mutua</span> <span class='ocrx_word' id='word_1_292' title='bbox 686 2357 743 2394; x_wconf 90' lang='lat' dir='ltr'>inter</span> <span class='ocrx_word' id='word_1_293' title='bbox 759 2368 832 2395; x_wconf 87' lang='lat' dir='ltr'>omnes</span> 
     </span>
     <span class='ocr_line' id='line_1_40' title="bbox 80 2407 832 2460; baseline 0.004 -15"><span class='ocrx_word' id='word_1_294' title='bbox 80 2409 181 2456; x_wconf 80' lang='lat' dir='ltr'>caritate3</span> <span class='ocrx_word' id='word_1_295' title='bbox 198 2423 253 2459; x_wconf 87' lang='lat' dir='ltr'>quae</span> <span class='ocrx_word' id='word_1_296' title='bbox 268 2411 351 2449; x_wconf 86' lang='lat' dir='ltr'>scilicet</span> <span class='ocrx_word' id='word_1_297' title='bbox 365 2412 392 2450; x_wconf 90' lang='lat' dir='ltr'>de</span> <span class='ocrx_word' id='word_1_298' title='bbox 406 2412 440 2448; x_wconf 92' lang='lat' dir='ltr'>his</span> <span class='ocrx_word' id='word_1_299' title='bbox 454 2412 521 2450; x_wconf 87' lang='lat' dir='ltr'>rebus</span> <span class='ocrx_word' id='word_1_300' title='bbox 536 2414 557 2449; x_wconf 89' lang='lat' dir='ltr'>et</span> <span class='ocrx_word' id='word_1_301' title='bbox 572 2407 620 2449; x_wconf 87' lang='lat' dir='ltr'>aliis</span> <span class='ocrx_word' id='word_1_302' title='bbox 635 2411 721 2460; x_wconf 88' lang='lat' dir='ltr'>generis</span> <span class='ocrx_word' id='word_1_303' title='bbox 736 2411 832 2449; x_wconf 90' lang='lat' dir='ltr'>eiusdem</span> 
     </span>
     <span class='ocr_line' id='line_1_41' title="bbox 80 2463 832 2514; baseline 0.007 -16"><span class='ocrx_word' id='word_1_304' title='bbox 80 2474 91 2498; x_wconf 94' lang='lat' dir='ltr'>a</span> <span class='ocrx_word' id='word_1_305' title='bbox 100 2463 181 2501; x_wconf 86' lang='lat' dir='ltr'>Thoma</span> <span class='ocrx_word' id='word_1_306' title='bbox 192 2465 337 2513; x_wconf 88' lang='lat' dir='ltr'>disputantur,</span> <span class='ocrx_word' id='word_1_307' title='bbox 352 2465 470 2503; x_wconf 81' lang='lat' dir='ltr'>maximum</span> <span class='ocrx_word' id='word_1_308' title='bbox 481 2468 546 2514; x_wconf 86' lang='lat' dir='ltr'>atque</span> <span class='ocrx_word' id='word_1_309' title='bbox 556 2465 662 2503; x_wconf 86' lang='lat' dir='ltr'>invictum</span> <span class='ocrx_word' id='word_1_310' title='bbox 672 2466 740 2503; x_wconf 90' lang='lat' dir='ltr'>robur</span> <span class='ocrx_word' id='word_1_311' title='bbox 751 2465 832 2503; x_wconf 84' lang='lat' dir='ltr'>habent</span> 
     </span>
     <span class='ocr_line' id='line_1_42' title="bbox 80 2516 832 2569; baseline 0.005 -16"><span class='ocrx_word' id='word_1_312' title='bbox 80 2516 107 2554; x_wconf 89' lang='lat' dir='ltr'>ad</span> <span class='ocrx_word' id='word_1_313' title='bbox 125 2519 243 2558; x_wconf 87' lang='lat' dir='ltr'>evertenda</span> <span class='ocrx_word' id='word_1_314' title='bbox 260 2531 285 2558; x_wconf 89' lang='lat' dir='ltr'>ea</span> <span class='ocrx_word' id='word_1_315' title='bbox 305 2519 360 2558; x_wconf 91' lang='lat' dir='ltr'>iuris</span> <span class='ocrx_word' id='word_1_316' title='bbox 377 2519 429 2558; x_wconf 87' lang='lat' dir='ltr'>novi</span> <span class='ocrx_word' id='word_1_317' title='bbox 450 2520 567 2569; x_wconf 86' lang='lat' dir='ltr'>principia,</span> <span class='ocrx_word' id='word_1_318' title='bbox 588 2531 643 2569; x_wconf 87' lang='lat' dir='ltr'>quae</span> <span class='ocrx_word' id='word_1_319' title='bbox 663 2523 740 2568; x_wconf 86' lang='lat' dir='ltr'>pacato</span> <span class='ocrx_word' id='word_1_320' title='bbox 757 2531 832 2559; x_wconf 89' lang='lat' dir='ltr'>rerum</span> 
     </span>
     <span class='ocr_line' id='line_1_43' title="bbox 79 2572 758 2624; baseline 0.007 -16"><span class='ocrx_word' id='word_1_321' title='bbox 79 2572 150 2610; x_wconf 88' lang='lat' dir='ltr'>ordini</span> <span class='ocrx_word' id='word_1_322' title='bbox 166 2576 187 2611; x_wconf 90' lang='lat' dir='ltr'>et</span> <span class='ocrx_word' id='word_1_323' title='bbox 201 2574 302 2622; x_wconf 88' lang='lat' dir='ltr'>publicae</span> <span class='ocrx_word' id='word_1_324' title='bbox 316 2575 382 2613; x_wconf 90' lang='lat' dir='ltr'>saluti</span> <span class='ocrx_word' id='word_1_325' title='bbox 397 2575 519 2624; x_wconf 88' lang='lat' dir='ltr'>periculosa</span> <span class='ocrx_word' id='word_1_326' title='bbox 534 2586 580 2613; x_wconf 90' lang='lat' dir='ltr'>esse</span> <span class='ocrx_word' id='word_1_327' title='bbox 594 2575 758 2623; x_wconf 82' lang='lat' dir='ltr'>dignoscuntur.</span> 
     </span>
    </p>
   </div>
   <div class='ocr_carea' id='block_1_7' title="bbox 145 2715 475 2758">
    <p class='ocr_par' dir='ltr' id='par_1_9' title="bbox 145 2715 475 2758">
     <span class='ocr_line' id='line_1_44' title="bbox 145 2715 475 2758; baseline 0.009 -11"><span class='ocrx_word' id='word_1_328' title='bbox 145 2719 149 2737; x_wconf 85' lang='lat'>¹</span> <span class='ocrx_word' id='word_1_329' title='bbox 162 2715 170 2747; x_wconf 91' lang='grc' dir='ltr'>Ι</span> <span class='ocrx_word' id='word_1_330' title='bbox 181 2715 226 2749; x_wconf 81' lang='lat' dir='ltr'>Petr.</span> <span class='ocrx_word' id='word_1_331' title='bbox 238 2717 304 2756; x_wconf 68' lang='lat' dir='ltr'>illus.</span> <span class='ocrx_word' id='word_1_332' title='bbox 372 2717 422 2751; x_wconf 75' lang='lat' dir='ltr'>·2Tit.</span> <span class='ocrx_word' id='word_1_333' title='bbox 435 2718 446 2758; x_wconf 89' lang='lat' dir='ltr'>l,</span> <span class='ocrx_word' id='word_1_334' title='bbox 460 2721 475 2751; x_wconf 83' lang='lat'>9.</span> 
     </span>
    </p>
   </div>
   <div class='ocr_carea' id='block_1_8' title="bbox 0 0 928 3062">
    <p class='ocr_par' dir='ltr' id='par_1_10' title="bbox 0 0 928 3062">
     <span class='ocr_line' id='line_1_45' title="bbox 0 0 928 3062; baseline 0 0"><span class='ocrx_word' id='word_1_335' title='bbox 0 0 928 3062; x_wconf 95' lang='lat' dir='ltr'> </span> 
     </span>
    </p>
   </div>
  </div>
 </body>
</html>
