1846 3062
113 141 169 177 XXX
320 151 439 182 auurcnun
453 150 558 182 omnam
569 150 656 182 ruanis:

116 260 211 297 »semper
222 254 280 286 certe
292 249 408 285 maximum
419 248 528 286 Ecclesiae
539 248 687 286 adiumentum
697 248 777 284 afferre
787 247 865 296 potuit,

117 304 173 341 »sive
188 304 214 341 ad
230 303 354 351 Scripturas
369 303 427 350 ipsas
442 313 494 340 vere
504 307 525 340 et
536 314 586 340 sane
597 302 749 351 intelligendas
764 305 785 339 et
799 301 864 339 inter-

119 358 250 405 pretandas,
265 358 311 394 siue
326 358 354 394 ad
368 357 444 393 Patres
455 358 552 394 securius
567 361 588 394 et
600 357 676 394 utilius
686 358 829 406 perlegendos
844 361 864 394 et

116 412 271 460 *explicandos
287 412 332 448 siue
348 412 375 449 ad
390 412 463 449 varios
479 423 564 449 errores
579 415 600 449 et
615 412 715 449 haereses
733 412 864 460 detegendas

117 473 148 504 ⁴v>et
162 466 303 504 refellendas:
323 466 424 503 hisvero
439 466 562 503 novissimis
578 466 658 513 diebus,
677 467 756 514 quibus
770 466 814 503 iam
829 466 864 503 ad-

116 525 233 558 «rcuerunt
248 525 345 567 tempora
360 520 397 556 illa
412 520 534 568 periculosa
550 521 576 557 ab
592 520 695 568 Apostolo
711 521 825 568 descripta,
844 526 864 557 et

119 574 223 612 homines
238 574 363 622 blasphemi,
379 574 472 623 superbi,
488 576 612 612 seductores
627 575 746 623 proficiunt
760 576 783 612 in
797 575 864 623 peius,

116 632 225 666 :errantes
241 632 262 666 et
278 629 331 666 alios
345 629 368 665 in
383 640 480 666 errorem
490 630 605 675 mittentes
620 640 671 666 sane
682 630 801 666 catholicae
811 629 864 667 fidei

119 683 265 731 dogmatibus
281 683 437 721 confirmandis
453 687 473 720 et
488 683 614 721 haeresibus
633 683 771 721 confutandis
789 694 864 731 perne-

119 738 220 774 v‹cessaria
236 738 295 774 esto
322 737 382 780 Quae
396 738 463 774 verba
482 738 581 785 quamuis
596 738 735 786 Theologiam
754 738 864 775 scholasti-

114 802 160 828 cam
176 792 288 828 dumtaxat
304 792 416 840 complecti
436 792 561 839 uideantur,
582 796 654 829 tamen
672 802 717 828 esse
735 802 820 839 quoque
838 792 865 828 de

113 845 253 894 Philosophia
269 846 357 893 eiusque
371 846 473 883 laudibus
489 846 614 894 accipienda
629 845 766 893 perspicitur.
796 845 864 894 Siqui-

114 900 162 936 dem
172 900 297 948 pracclarae
312 899 377 945 dotes,
390 910 446 947 quae
456 900 596 948 Theologiam
606 899 757 937 scholasticam
766 899 865 937 hostibus

114 954 212 990 veritatis
227 954 310 990 faciunt
326 957 439 1001 tantopere
454 954 622 1001 formidolosam,
637 954 749 1000 nimirum,
769 957 793 990 ut
807 953 865 991 idem

113 1007 214 1044 Pontifex
230 1008 295 1053 addit,
313 1012 375 1055 »apta
390 1008 427 1045 illa
443 1011 463 1045 et
478 1008 535 1045 inter
550 1019 572 1044 se
587 1018 642 1045 nexa
656 1018 730 1044 rerum
745 1011 765 1044 et
781 1018 865 1044 caussa-

116 1072 175 1098 =>rum
190 1061 333 1108 cohaerentia,
353 1061 390 1099 ille
408 1062 461 1099 ordo
476 1064 497 1099 et
516 1062 628 1109 dispositio
647 1065 758 1109 tamquam
772 1061 865 1098 militum

119 1116 149 1151 „in
159 1116 277 1163 pugnando
286 1116 407 1161 instructio,
417 1115 468 1152 illae
480 1115 587 1153 dilucidae
598 1115 737 1152 definitiones
747 1119 767 1152 et
778 1116 865 1152 distinc-

119 1170 200 1214 tiones,
216 1169 253 1205 illa
269 1172 448 1216 argumentorum
462 1169 556 1205 firmitas
575 1173 596 1206 et
614 1168 750 1205 acutissimae
769 1169 865 1216 disputa-

116 1223 200 1268 :tiones
217 1222 295 1269 quibus
310 1223 347 1258 lux
367 1234 378 1259 a
397 1223 501 1268 tenebris,
519 1234 595 1259 verum
614 1234 626 1259 a
643 1222 698 1259 falso
717 1222 864 1270 distinguitur,

119 1276 286 1313 »haereticorum
301 1276 413 1313 mendacia
428 1276 502 1313 multis
517 1276 641 1323 praestigiis
660 1279 680 1312 et
694 1275 788 1312 fallaciis
805 1276 864 1313 invo-

119 1330 178 1376 luta,
195 1333 307 1376 tamquam
326 1334 386 1367 ueste
408 1330 510 1375 detracta,
529 1330 637 1376 patefiunt
657 1335 678 1366 et
699 1330 864 1375 denudantur&

113 1383 244 1429 praeclarae,
259 1383 374 1430 inquimus,
390 1388 409 1419 et
425 1383 536 1420 mirabiles
550 1384 605 1419 istae
620 1383 681 1420 dotes
698 1383 761 1420 unice
779 1394 791 1419 a
804 1386 865 1420 recto

113 1447 154 1473 usu
168 1437 299 1484 repetendae
314 1440 363 1473 sunt
379 1437 424 1474 eius
440 1436 594 1484 philosophiae,
612 1448 676 1484 quam
691 1437 791 1484 magistri
806 1437 865 1473 scho-

113 1490 189 1536 lastici,
212 1491 262 1527 data
283 1501 349 1537 opera
371 1494 391 1527 ct
411 1490 503 1537 sapienti
525 1490 619 1537 consilio,
640 1490 663 1527 in
681 1490 865 1537 disputationibus

114 1545 179 1580 etiam
194 1544 326 1592 theologicis,
342 1544 422 1591 passim
437 1555 544 1590 usurpare
559 1547 723 1581 consueverunt.

180 1597 296 1634 Praeterea
318 1608 366 1634 cum
387 1598 442 1634 illud
464 1598 492 1634 sit
514 1598 692 1634 scholasticorum
706 1597 864 1645 Theologorum

113 1651 225 1697 ptraprium
248 1662 272 1687 ac
287 1651 403 1698 singulare,
421 1655 444 1687 ut
463 1651 575 1687 scientiam
592 1651 708 1687 humanam
724 1661 748 1687 ac
768 1651 865 1688 tliuinam

114 1705 234 1741 arctissimo
249 1705 306 1741 inter
322 1715 344 1741 se
358 1705 446 1741 uinculo
461 1705 618 1750 coniunxerint,
633 1704 731 1751 profecto
742 1705 864 1752 Theologia,

114 1758 137 1793 in
152 1769 194 1804 qna
209 1758 241 1793 illi
252 1758 405 1803 excelluerunt,
421 1769 464 1794 non
477 1762 524 1794 erat
534 1761 619 1794 tantum
629 1757 717 1794 honoris
729 1760 749 1793 et
760 1768 865 1795 commen-

113 1811 207 1847 dationis
225 1812 252 1847 ab
270 1811 371 1858 opinione
386 1811 497 1847 hominum
512 1811 626 1858 adeptura,
646 1811 663 1846 si
683 1820 781 1846 mancam
800 1814 865 1858 atque

112 1863 261 1911 imperfectam
278 1868 315 1900 aut
330 1864 399 1900 leuem
414 1863 574 1911 philosophiam
589 1864 743 1900 adhibuissent.

414 2024 469 2056 PARS
480 2024 562 2056 TERTIA

258 2101 339 2129 sauctus
354 2102 430 2130 'inolita'
445 2101 526 2136 hQUlNAS
540 2101 613 2130 booron
627 2101 716 2130 Pltla'otrs

250 2156 328 2191 slusam]
342 2156 468 2185 Plltnosorffll
484 2157 578 2184 paratura
594 2155 725 2184 insinuatum

202 2248 216 2276 i.
229 2253 294 2275 Tflouaa
306 2253 362 2276 MUNUS.
374 2253 450 2282 ransom,
462 2253 511 2275 RATIO
522 2252 651 2274 ruinosoPHan'Dl
661 2252 779 2280 rahrucaioous

176 2321 276 2358 Iamvero
291 2321 348 2357 inter
364 2320 507 2358 Scholasticos
522 2321 631 2367 Doctores,
651 2319 746 2356 omnium
763 2321 866 2369 princeps

113 2381 134 2411 et
144 2375 253 2423 magister,
263 2375 327 2424 longe
338 2375 416 2412 eminet
428 2376 519 2413 Thomas
528 2375 640 2423 Aquitana-
656 2374 698 2423 qui,
709 2374 740 2411 uti
750 2374 865 2413 Caietanus

113 2429 272 2476 animaduertit,
287 2433 372 2466 veteres
387 2430 483 2467 (lectores
501 2441 573 2467 sacros
592 2429 645 2477 arua
659 2440 741 2466 sarturae
755 2432 866 2468 peraratas

113 2486 148 2528 cst,
165 2484 211 2520 ideo
228 2484 355 2521 intellectura
366 2484 462 2521 ornatum
473 2484 634 2532 quodammodo
645 2483 735 2521 sortitos
745 2485 793 2521 esth
816 2484 865 2521 lllo-

112 2549 161 2574 rum
177 2538 291 2584 (loctrinas,
306 2538 366 2575 velut
382 2538 479 2586 dispersa
493 2539 605 2576 cuiusdam
617 2537 715 2586 corporis
725 2538 828 2586 ineinbra,
842 2539 866 2576 in

180 2649 183 2664 ³
195 2645 245 2676 Bulla
259 2646 391 2687 Trt'rmprhartr's,
403 2655 429 2676 an,
442 2648 489 2678 1588.
557 2645 617 2677 ‘³Bull.
630 2644 657 2676 cit.

178 2690 184 2707 ⁵
196 2687 214 2718 ln
225 2690 248 2718 2¹¹¹
259 2690 288 2726 2³⁸,
301 2698 316 2728 q.
329 2690 365 2727 ils,
378 2698 392 2720 a.
404 2691 419 2720 4.
431 2688 488 2720 infin.
