1846 3062
269 140 376 180 Qoausrlo
387 141 416 172 XV
439 141 560 173 ARTICULUS
571 141 593 172 lll

321 302 442 334 antiochus
454 303 545 335 TERTIUS

58 401 120 432 hanon
129 401 204 429 NO'l'lTlh
214 399 355 429 Pnlntllssanun
364 400 392 429 SlT
402 400 460 429 CAUSA
470 400 567 429 creterras
579 401 667 429 nomana·
678 400 812 430 conclusionis

89 498 98 520 n
110 496 180 519 reunion
191 497 215 518 sic
226 496 331 518 rnocamron.
350 486 431 519 Videtur
440 487 492 529 quod
502 486 569 520 notitia
577 488 730 529 praemissarum
739 497 778 520 non
787 487 813 521 sit

60 500 86 571 Δ
100 549 158 574 causa
170 539 256 573 eiiiciens
268 540 346 573 notitiae
359 539 493 574 conclusionis.
514 541 562 574 Nam
574 541 693 583 praemissae
705 541 812 575 secundum

59 594 166 630 doctrinam
179 592 293 636 Philosophi
304 595 315 627 4
327 593 439 636 Metopbps.
453 603 467 627 c.
479 595 489 626 2
501 603 569 628 causae
585 594 713 629 conclusionis
729 598 775 629 sunt
791 600 813 628 nt

59 650 84 691 id,
97 659 118 683 ec
130 657 168 691 qno
179 647 203 681 tit
215 647 292 690 aliquid.
313 647 350 682 Sed
362 647 399 681 hoc
411 650 440 681 θεῖ
452 657 495 681 esse
508 657 586 682 causam
595 648 719 691 materialem,
732 649 813 682 materia

60 712 107 738 vero
118 712 158 736 non
170 701 259 736 coincidit
271 711 314 735 cum
326 701 426 743 efficiente,
442 704 463 735 ut
475 702 545 736 dicitur
557 705 567 736 2
578 703 637 746 Phys.
650 713 664 737 o.
677 705 691 738 9.
716 704 769 747 Ergo
780 713 814 737 no-

60 757 101 792 titia
112 757 266 800 praemissarum
278 766 317 790 non
329 758 359 790 est
371 766 429 790 causa
441 756 527 791 efficiens
539 757 617 791 notitiae
629 758 764 792 conclusionis.

126 835 159 869 San
177 843 240 866 corana
254 844 283 865 rsa
297 833 350 876 quod
365 834 385 867 in
397 835 407 867 2
418 833 477 876 Pops.
490 844 504 868 c.
517 835 527 868 3
541 835 685 877 propositiones
704 835 813 878 syllogismi

60 891 160 932 ponuntur
172 888 192 921 in
204 897 275 931 genere
287 897 355 921 causae
367 887 475 922 efficientis.

127 966 224 999 Rnsromno
232 975 311 997 urrunnun
323 965 376 1007 quod
388 964 455 998 notitia
467 965 620 1007 praemissarum
632 970 662 999 est
670 975 728 999 causa
736 965 814 1000 notitiae

61 1019 195 1054 conclusionis.
220 1019 280 1054 Cuius
292 1019 341 1053 ratio
353 1023 388 1061 est,
400 1019 463 1062 inquit
472 1020 603 1063 Philosophus
616 1020 707 1055 1Poster.
719 1030 734 1054 c.
742 1022 757 1059 2,
770 1021 815 1063 quia

62 1078 109 1109 triow
125 1074 203 1117 scirtius,
223 1083 267 1107 cteta
283 1084 356 1108 ccttsos
374 1074 516 1117 coquosctmos.
545 1074 604 1109 Otrius
622 1074 679 1108 etiam
696 1074 716 1108 id
733 1075 815 1117 siparum

61 1132 96 1171 est,
114 1129 167 1174 quod
181 1128 227 1171 quia
241 1128 305 1162 omnis
317 1138 374 1162 causa
386 1131 416 1162 est
427 1128 541 1162 naturaliter
556 1128 610 1171 prior
624 1136 643 1162 et
658 1129 722 1162 notior
739 1129 815 1171 effectu,

62 1186 138 1226 oportet
150 1183 202 1225 quod
214 1182 338 1225 praemissae,
351 1192 399 1225 qnae
412 1186 458 1217 sunt
469 1192 527 1217 causa
535 1182 669 1224 conclusionis
683 1183 721 1217 sint
728 1183 815 1217 notiores

62 1242 81 1271 et
99 1238 176 1280 priores
196 1237 323 1271 conclusione.
353 1237 388 1271 Est
410 1240 474 1271 autem
497 1237 565 1271 notitia
584 1237 737 1280 praemissarum
757 1247 815 1271 causa

62 1291 140 1326 notitiae
153 1291 281 1326 conclusionis
293 1291 313 1325 in
325 1301 396 1335 genere
408 1301 477 1326 causae
489 1292 596 1334 efficientis,
608 1302 647 1326 non
659 1295 724 1326 tamen
731 1302 767 1335 per
775 1291 816 1326 vim

62 1346 182 1388 influxivam,
201 1347 250 1380 sicut
265 1356 336 1388 semen,
354 1350 372 1380 et
387 1356 422 1389 per
437 1356 557 1390 consequens
570 1357 608 1380 non
621 1350 650 1381 est
663 1356 720 1380 causa
732 1347 815 1388 essendi,

64 1402 98 1435 sed
110 1401 159 1435 attis
171 1401 242 1435 modis.

129 1456 154 1489 Et
163 1456 232 1498 primo
245 1456 329 1498 quidem,
341 1459 371 1488 est
380 1465 438 1488 causa
446 1455 532 1489 efficiens
542 1456 648 1489 secundnm
657 1456 696 1489 vim
705 1456 815 1495 illativum,

63 1519 113 1552 <puae
125 1509 195 1543 dicitur
207 1519 265 1543 eausa
276 1509 378 1543 ‘inferendi
390 1511 408 1542 θῖ
417 1509 573 1552 consequentiae,
588 1510 694 1543 secundum
703 1510 756 1552 quod
765 1510 817 1552 prin·

63 1563 135 1605 cipium
152 1563 254 1597 discursus
274 1563 355 1597 rationis
376 1563 395 1596 in
413 1563 536 1598 conclusione
556 1567 586 1597 est
603 1573 627 1597 ex
644 1563 817 1606 propositionibus.

64 1617 161 1660 Principia
169 1618 220 1651 enim
230 1628 264 1652 seu
273 1618 392 1660 praemissae
402 1628 422 1651 se
430 1619 502 1652 habent
510 1619 534 1651 ad
543 1618 681 1660 conclusiones,
691 1618 740 1652 sicut
749 1627 817 1651 causae

63 1672 137 1706 activae
148 1672 168 1705 in
180 1672 302 1706 naturalibus
314 1673 338 1705 ad
348 1682 395 1706 suos
403 1672 490 1706 erfectus.
510 1672 606 1714 Secundo,
620 1675 650 1706 est
658 1672 745 1706 efficiens
753 1672 818 1714 aliquo

65 1727 123 1760 modo
136 1727 242 1760 secundum
258 1726 298 1760 vim
315 1726 466 1769 oripinotioam,
483 1726 576 1760 nimirum
591 1736 626 1768 per
641 1727 745 1768 quamdam
762 1726 817 1768 quasi

66 1781 214 1815 resultantium.
239 1781 288 1815 Cum
305 1781 357 1814 enim
374 1781 424 1814 inter
441 1780 529 1814 notitiam
547 1780 678 1814 antecedentis
695 1783 714 1813 et
730 1780 818 1814 notitiam

65 1835 201 1877 consequentis
214 1834 239 1868 sit
251 1835 304 1875 ordo,
317 1834 362 1877 quia
374 1834 442 1867 notitia
454 1834 584 1867 antecedentis
596 1835 681 1868 retertur
693 1834 718 1867 ad
730 1834 817 1867 notitiam

65 1889 202 1932 consequentis
214 1891 233 1922 et
244 1890 291 1922 haec
302 1888 412 1922 necessario
423 1889 565 1931 praesupponit
572 1888 624 1921 illam
632 1888 652 1921 in
661 1888 763 1930 intellectu,
774 1887 819 1921 ideo

65 1943 196 1986 aliquomodo
206 1943 242 1977 clici
250 1945 314 1986 potest
322 1942 390 1976 notitia
402 1942 532 1976 antecedentis
541 1952 598 1976 causa
608 1943 714 1976 secundum
723 1942 818 1985 originem

65 1997 144 2031 notitiae
153 1997 295 2039 consequentis.
315 1997 384 2039 Tertio,
394 1998 425 2029 est
432 1996 519 2030 etiiciens
530 1997 636 2030 secundum
645 1996 684 2030 vim
694 1996 820 2030 aedicationem

66 2051 145 2085 alterius
157 2052 181 2085 de
193 2051 279 2094 potentia
290 2052 314 2085 ad
327 2053 396 2084 actum.
417 2050 465 2085 Cum
474 2050 525 2084 enim
533 2050 560 2084 ita
569 2060 589 2084 se
601 2050 685 2084 habeant
697 2049 792 2092 principia
799 2051 819 2083 in

65 2105 224 2148 intelligibilibus,
234 2106 283 2139 sicut
291 2105 337 2139 finis
343 2105 364 2137 in
370 2104 513 2147 appetibilibus,
522 2104 630 2138 intellectus
637 2104 707 2138 dicitur
714 2104 821 2137 efficienter

66 2170 146 2194 movere
158 2170 179 2193 se
190 2160 261 2203 ipsum,
274 2163 370 2202 [puateuus
382 2169 417 2202 per
428 2158 515 2193 notitiam
528 2158 670 2201 principiorum
679 2158 787 2192 intellectus
800 2168 820 2191 se

66 2215 141 2248 reducit
150 2215 173 2248 stc
179 2215 273 2257 potentio
282 2215 310 2248 cd
318 2216 386 2248 cotum
394 2216 489 2256 quantum
497 2213 522 2246 ad
530 2212 617 2246 notitiam
628 2212 779 2246 conclusionum.
796 2212 821 2245 Et

67 2269 95 2302 sic
106 2268 236 2302 antecedentis
248 2268 315 2301 notitia
327 2268 401 2301 dicetur
410 2277 467 2301 causa
475 2267 562 2300 efficiens
570 2266 648 2300 notitiae
657 2266 798 2308 consequentis

132 2344 158 2376 An
174 2354 282 2376 :laecum-run
296 2354 339 2375 anuo
354 2353 434 2375 mcmmu
452 2343 504 2384 quod
522 2351 546 2374 ex
557 2342 647 2375 terminis
664 2341 821 2383 propositionum

67 2397 192 2431 constituitur
204 2397 306 2432 conclusio.
330 2397 385 2431 Unde
398 2396 504 2430 secundum
519 2396 556 2429 hoc
570 2394 715 2437 propositiones
730 2394 822 2428 dicuntur

67 2451 148 2484 materia
160 2451 294 2493 conclusionis,
306 2452 326 2484 in
335 2453 430 2493 quamtum
438 2449 521 2490 termini,
533 2449 567 2490 qui
576 2456 621 2482 sunt
629 2448 710 2481 materia
718 2448 822 2489 propositi-

68 2513 132 2546 onum,
151 2507 197 2538 suut
214 2504 271 2538 etiam
288 2504 370 2539 materia
387 2502 521 2538 conclusionis.
548 2502 585 2536 Sed
604 2502 710 2536 secundum
728 2501 822 2535 virtutem

67 2556 160 2591 illativam
172 2557 261 2600 ipsarum
273 2558 394 2592 reducuntur
405 2557 429 2591 ad
441 2566 504 2599 genus
516 2565 585 2589 causae
597 2555 704 2588 efficientis.
