1846 3062
141 154 179 191 178
350 163 456 203 QUAESTIO
468 164 512 196 XXV
535 164 656 197 narremus
667 165 682 196 ll

207 260 266 294 Cuius
285 260 424 302 propositionis
442 261 514 295 veritas
530 261 633 295 manifesta
650 271 693 295 esse
710 265 775 304 potest
786 262 855 305 primo
874 273 895 296 ec·

141 314 213 348 ordine
224 314 337 347 ¹intellectos
349 314 376 347 ccl
386 314 484 348 1011110111.
504 315 553 348 Nam
562 325 623 357 onrne,
636 316 689 357 quod
696 315 769 357 patitur
777 318 796 349 et
804 318 894 349 movetur

140 369 164 402 ab
176 367 218 409 alio,
231 367 341 409 disponitur
352 377 388 409 per
399 370 463 401 actum
475 368 560 411 agentis:
572 369 624 402 uude
636 378 660 402 ex
671 369 802 411 multiplicatis
814 369 893 411 actibus

141 422 157 455 si
169 431 220 455 unus
233 424 308 454 tantum
319 431 359 454 non
371 422 440 455 babeat
451 422 570 463 firmitatem,
585 423 616 456 vel
631 432 655 456 ex
667 433 711 464 uno,
727 423 743 456 si
754 423 807 456 illam
819 424 893 464 habeat,

140 478 250 517 parceretur
262 475 357 517 quaedam
369 475 452 517 qualitas
460 475 480 508 in
488 476 574 517 potentia
583 476 662 518 passiva
674 479 692 509 et
704 479 761 518 mota,
773 486 822 519 quae
834 477 894 510 nomi-

140 531 198 562 natur
213 529 296 562 habitus.
320 529 350 562 Sic
364 528 424 571 igitur
441 529 461 561 in
475 529 578 570 intellectu,
596 533 692 572 quatenus
710 530 734 563 ad
748 530 893 563 assentiendum

140 582 258 616 conclusioni
271 585 360 615 movetur
373 592 384 615 a
395 582 464 624 primis
476 582 577 624 principiis
590 593 625 625 per
638 593 658 617 se
672 583 729 622 notis,
744 593 768 617 ex
782 583 894 617 huiusmodi

140 645 223 669 assensu
235 635 360 678 generabitur
372 636 467 678 quaedam
479 636 562 678 qualitas
575 646 609 670 seu
621 637 699 670 habitus
712 637 806 671 scientiae.

206 689 297 723 Secundo
314 699 335 723 cr
351 689 490 723 convenientia
504 689 601 724 scientiae
616 700 661 724 011111
676 691 754 724 babitu.
778 691 826 724 Nam
845 690 894 724 sicut

140 743 218 777 habitus
230 746 260 776 est
272 742 408 787 qualitas‘non
424 743 472 776 dans
488 742 600 785 simpliciter
615 753 678 785 posse,
695 744 729 777 sed
741 744 827 785 faciliter,
842 745 894 777 unde

140 806 179 830 non
191 798 221 829 est
233 796 345 838 simpliciter
357 796 479 829 necessarius
491 796 515 829 ad
527 806 590 838 agere,
603 797 637 830 sed
649 800 725 830 tantum
737 798 761 831 ad
769 798 818 831 bene
826 807 892 840 agere:

140 850 166 884 ita
178 853 197 884 et
209 849 288 883 scientia
299 849 408 883 habitualis.
432 850 480 883 Nam
496 849 537 883 sine
552 850 587 883 hac
599 851 657 884 honio
669 853 733 893 potest
745 851 839 885 assentire
851 860 894 885 con·

141 905 227 947 clusioni,
235 914 274 938 non
283 907 347 938 tamen
355 904 437 937 faciliter
445 906 464 937 et
471 904 561 947 perfecte.
574 904 627 939 Sicut
636 915 683 948 ergo
691 906 715 938 ad
724 905 766 939 tria
772 905 893 939 necessarius

140 962 170 993 est
182 958 265 1000 habitus,
277 958 370 991 nimirum
379 958 449 1000 primo
461 959 486 991 ad
498 959 538 1000 hoc,
551 961 572 991 nt
584 958 628 1001 quis
640 959 727 993 firmiter
740 961 757 993 et
765 960 894 993 111111011111101·

140 1015 240 1055 operetur;
259 1013 349 1054 secundo,
366 1015 388 1045 ut
403 1012 452 1045 actio
467 1012 552 1054 perfecta
566 1013 588 1046 111
600 1015 699 1055 prompto
714 1014 808 1047 habeatur
823 1022 857 1046 seu
873 1016 894 1046 ut

140 1066 226 1109 potentia
238 1066 309 1109 alioqui
321 1066 469 1099 indeterminata
481 1066 505 1099 ad
513 1067 570 1108 plura
578 1067 602 1100 ad
611 1077 672 1100 unum
681 1067 746 1109 potius
754 1067 894 1100 determinetur

140 1131 199 1164 quam
211 1122 236 1154 ad
246 1121 307 1162 aliud3
320 1121 383 1162 tertio,
397 1123 419 1153 ut
428 1120 575 1154 delectabiliter
582 1121 667 1163 perfecta
675 1121 761 1163 operatio
770 1122 893 1163 compleatur,

140 1176 193 1218 quod
205 1175 228 1208 fit
239 1185 274 1217 per
286 1174 379 1216 habitum,
394 1174 433 1217 qui,
448 1184 491 1208 curn
504 1174 529 1208 sit
538 1185 576 1217 per
588 1176 670 1209 modum
683 1175 788 1209 cuiusdam
800 1178 892 1218 1111111100,

141 1230 272 1272 operationem
285 1229 322 1263 sibi
334 1229 434 1271 propriam
446 1229 502 1272 quasi
514 1229 621 1263 naturalem
634 1229 707 1263 reddit:
719 1229 746 1263 ita
756 1229 894 1264 scientialiabi-

140 1284 198 1318 tualis
210 1287 291 1327 propter
302 1284 369 1318 eadem
382 1283 419 1317 tria
430 1283 542 1326 requiritur,
555 1286 573 1318 et
584 1284 616 1317 illa
628 1284 697 1318 tribuit
708 1284 817 1318 intellectui.

206 1339 313 1372 Dicendum
325 1348 372 1381 ergo
385 1341 419 1380 est,
434 1339 487 1381 quod
500 1338 578 1372 scientia
590 1338 694 1372 habitualis
706 1349 745 1372 non
757 1341 786 1372 est
798 1339 894 1373 ordinatio

140 1394 171 1427 vel
179 1393 264 1427 collectio
273 1393 381 1435 specierum
389 1393 544 1435 intelligibilium,
555 1394 589 1426 sed
598 1396 627 1427 est
636 1393 718 1436 qualitas
725 1394 749 1427 de
755 1393 819 1436 prima
826 1394 893 1436 specie,

141 1454 187 1490 puta
199 1448 277 1482 habitus
289 1457 333 1481 cum
345 1448 430 1490 quodam
442 1451 532 1490 respectu
544 1448 567 1481 ad
581 1448 651 1482 scibile.

205 1526 232 1558 An
243 1535 305 1556 rnrucn
316 1534 358 1556 unco
370 1534 449 1556 urcurnun
463 1524 516 1566 quod
529 1524 601 1566 species
614 1524 743 1567 intelligibiles
756 1528 801 1558 sunt
812 1525 894 1559 formale

142 1578 231 1612 scientiae
244 1579 337 1621 actitatis,
350 1588 375 1612 ex
386 1588 425 1621 qua
436 1578 551 1620 producitur
564 1578 643 1612 scientia
654 1579 763 1613 habitualis.

206 1633 232 1667 Au
244 1643 324 1665 srcunnuu
335 1643 415 1665 urrunnun
430 1633 482 1675 quod
497 1633 533 1666 hoc
548 1637 577 1666 est
591 1633 696 1667 discrimen
711 1633 761 1667 inter
776 1633 894 1668 intellectum

140 1688 247 1721 humanum
262 1691 281 1720 et
292 1687 405 1730 angelicum,
421 1688 473 1730 quod
488 1687 524 1728 ille,
540 1687 573 1730 qui
588 1691 618 1721 est
632 1687 712 1721 infimus
726 1688 746 1721 111
762 1688 829 1721 ordine
841 1688 894 1722 intel-

140 1742 229 1784 lectuum,
247 1744 277 1775 est
294 1742 317 1775 ic
328 1741 423 1784 potentio
440 1744 529 1784 respectu
544 1741 631 1775 omnium
646 1741 801 1784 intelligibilium,
818 1744 836 1776 et
850 1742 894 1776 ideo

140 1799 217 1838 praeter
230 1796 303 1838 species
315 1795 445 1838 intelligibiles
458 1798 501 1838 eget
513 1796 585 1830 habitu.
608 1796 634 1829 At
645 1796 680 1838 hic,
696 1796 741 1839 qnia
753 1796 814 1829 estin
826 1796 894 1830 ordine

140 1850 290 1893 intelligibilium
299 1850 380 1893 1111111111
392 1852 448 1884 octos
453 1850 533 1893 portici
540 1850 638 1893 potentio,
652 1852 748 1893 quatenus
757 1850 843 1893 potentia
851 1854 894 1894 eget

141 1904 247 1947 speciebus,
264 1908 359 1947 quatenus
375 1907 429 1938 actus
445 1907 509 1947 potest
527 1904 568 1938 sine
583 1904 650 1939 habitu
665 1914 686 1938 se
700 1907 719 1938 et
733 1904 769 1938 alia
786 1914 821 1938 suo
835 1905 894 1939 modo

140 1959 252 2002 intelligere.

394 2176 515 2209 ARTICULUS
527 2175 637 2208 SECUNDUS

251 2265 310 2293 braun
325 2265 411 2294 SCllIN'l'lh
425 2264 540 2293 acerrumis
556 2263 584 2292 sir
599 2264 680 2292 SlllPLEX
694 2264 785 2299 collaris

170 2362 180 2383 u
195 2361 276 2383 srcuruun
290 2361 314 2383 src
325 2361 431 2383 rnocrmrun,
454 2350 535 2384 Videtur
547 2350 600 2392 quod
612 2350 690 2384 scientia
702 2350 806 2384 habitualis
818 2361 856 2385 nou
870 2351 894 2385 sit

140 2362 168 2435 Α
182 2405 265 2448 simplex
277 2405 364 2447 qualitas,
380 2405 414 2439 sed
430 2404 575 2447 composita-ex
586 2404 681 2447 pluribus.
704 2405 756 2438 lllud
767 2405 824 2448 enim,
839 2406 894 2440 cuius

140 2460 239 2503 generatio
251 2469 290 2493 non
303 2459 360 2493 simul
371 2459 477 2501 perficitur,
490 2460 524 2492 sed
537 2458 651 2501 successive,
663 2459 787 2493 constituitur
795 2469 819 2493 ex
827 2460 893 2493 multis

140 2514 234 2557 partibus.
258 2514 296 2548 Sed
308 2514 406 2557 generatio
419 2513 508 2547 scientiae
520 2523 560 2547 nou
574 2516 604 2546 est
619 2513 682 2555 simul,
698 2514 732 2548 sed
746 2514 855 2548 successive
870 2524 894 2548 ex

140 2569 230 2612 pluribus
242 2569 322 2603 actibus.
343 2569 396 2611 Ergo
407 2568 485 2602 scientia
493 2567 617 2602 constituitur
629 2568 755 2611 expluribus
767 2568 871 2603 habitibus.

206 2645 240 2679 Sco
248 2656 311 2677 corrui
319 2656 347 2677 usr
357 2645 409 2688 quod
419 2644 502 2684 scientia,
512 2654 555 2678 cunr
564 2644 589 2677 sit
597 2644 679 2687 qualitas
686 2645 787 2687 quaedam,
795 2647 825 2679 est
830 2645 894 2679 forma

141 2700 228 2742 simplex.
252 2699 290 2734 Sed
304 2700 379 2733 nullum
396 2699 479 2741 simplex
494 2699 617 2733 constituitur
635 2708 659 2733 ex
673 2699 768 2741 pluribus,
786 2701 808 2733 ut
824 2699 894 2733 dicitur
