1846 3062
257 151 364 192 obtusum
375 151 421 183 xxu
443 151 565 183 narremus
576 152 591 182 ll
763 140 803 177 163

49 255 97 287 banc
108 250 224 293 positionem
237 248 336 282 sufficiens
349 248 398 281 ratio
413 248 510 291 assignari
524 258 563 281 non
579 250 649 290 potest,
664 257 725 289 quare
739 247 804 280 anima

49 308 116 340 nostra
128 302 210 346 corpori
221 302 305 336 uniatur.
324 302 367 335 Non
376 301 427 335 enim
439 304 503 344 potest
515 302 557 343 dici,
570 303 623 344 quod
635 300 714 334 uniatur
726 300 804 343 corpori

48 361 128 403 propter
143 366 219 398 corpus,
237 356 282 399 qnia
296 356 361 390 torma
375 365 414 389 non
429 359 459 389 est
474 358 555 398 propter
570 355 671 389 materiam
687 365 722 389 nec
739 356 804 388 motor

48 415 129 457 propter
146 410 222 452 mobile,
240 410 274 443 sed
292 412 363 444 contra.
393 410 476 443 Maxime
493 412 558 443 autem
575 410 653 443 videtur
671 419 742 452 corpus
760 418 804 442 esse

49 465 180 501 necessarium
192 464 266 497 animae
278 463 404 497 intellectivae
413 464 437 497 ad
446 464 487 497 eins
496 464 627 505 operationem
636 464 742 506 propriam,
754 472 805 506 quae

49 523 79 554 est
89 518 201 561 intelligere,
216 517 262 560 quia
277 517 383 551 secundum
399 527 442 551 esse
458 527 515 551 suum
530 527 541 550 a
556 526 637 559 corpore
652 527 691 550 non
703 517 804 560 dependet.

51 574 70 609 Si
82 576 146 607 autem
158 571 222 605 anima
234 572 341 605 secundum
357 580 411 604 suam
426 574 517 605 naturam
532 574 577 613 apta
592 575 637 604 nata
651 574 703 605 esset
718 571 805 613 recipere

51 626 123 670 species
135 625 265 667 intelligibiles
277 635 312 667 per
324 624 445 658 influentiam
458 624 568 666 aliquorum
576 624 718 667 principiorum
728 634 805 667 separa-

50 686 114 716 tormn
126 682 201 713 tautum
213 681 232 712 et
243 689 282 712 non
294 678 388 720 acciperet
400 688 432 712 eas
443 679 559 721 asensibus,
571 689 610 713 uon
618 679 714 721 indigeret
723 688 805 721 corpore

50 736 74 769 ad
85 733 237 775 intelligendum,
249 733 301 766 uude
312 733 388 766 trustra
399 732 477 775 corpori
488 732 583 766 uniretur.

115 787 165 821 Alia
180 796 227 829 ergo
243 786 308 829 opinio
324 785 362 819 fuit
378 787 496 828 ponentium,
511 789 590 820 nostrae
605 786 695 820 scientiae
710 786 805 829 originem

51 841 135 876 totaliter
149 850 192 875 esse
207 850 287 874 acausa
302 840 395 873 interiori.
419 841 472 879 Quae
488 840 553 882 opinio
568 841 625 874 etiam
640 840 660 873 in
676 841 728 874 (latras
744 842 806 874 sectas

51 895 149 929 dividitur.
175 893 263 934 Quidam
278 894 334 935 enim,
349 896 371 927 ut
385 894 445 936 Plato,
460 897 573 936 posuerunt,
588 894 705 927 intellectum
721 892 806 927 hominis

51 959 94 983 esse
106 948 231 982 naturaliter
240 948 326 990 picarum
338 947 429 982 omnibns
442 947 543 990 speciebus
552 947 712 990 intelligibilibus,
725 948 759 981 sed
771 956 807 989 per

51 1003 142 1037 unionem
154 1002 178 1036 ad
190 1011 261 1043 corpus
273 1001 391 1043 praedictam
404 1001 534 1044 coguitionem
546 1001 671 1035 obtenebrari
683 1004 702 1034 et
710 1000 807 1043 impediri,

52 1066 75 1089 ne
87 1058 142 1089 exeat
153 1055 173 1088 in
185 1057 254 1088 actum.
274 1056 299 1088 Et
310 1055 353 1088 ideo
365 1055 454 1089 dicebant
465 1064 502 1088 nos
513 1054 601 1098 indigere
610 1054 674 1088 studio
683 1058 702 1088 et
711 1055 807 1093 sensibus,

52 1114 73 1144 ut
84 1110 230 1153 impedimenta
242 1109 331 1143 scientiae
343 1109 462 1151 tollerentur,
477 1108 567 1151 dicentes,
583 1108 683 1143 addiscere
695 1109 743 1142 nihil
755 1108 807 1142 aliud

52 1173 95 1197 esse
107 1173 165 1205 quam
177 1163 284 1203 reminisci3
301 1163 349 1196 sicut
361 1165 380 1195 et
391 1163 493 1196 manifeste
505 1166 591 1204 apparet,
606 1163 659 1205 quod
671 1172 695 1195 en
707 1162 742 1203 his,
758 1171 808 1205 quae

52 1217 163 1251 audivimus
175 1219 193 1250 et
205 1216 296 1258 vidimus,
308 1216 452 1250 reminiscimur
464 1225 490 1257 ea,
503 1226 552 1259 quae
565 1216 620 1259 prius
633 1216 747 1250 sciebamus.

118 1272 155 1306 Sed
171 1271 218 1305 haec
232 1271 289 1305 etiam
301 1270 372 1314 positio
384 1281 423 1305 non
435 1271 513 1306 videtur
525 1281 568 1305 esse
583 1271 709 1305 rationabilis.
731 1271 805 1313 Primo,

53 1326 98 1368 quia
110 1326 127 1359 si
138 1326 202 1359 anima
214 1326 272 1359 habet
286 1325 375 1359 notitiam
387 1326 493 1359 naturalem
510 1325 602 1367 onmium,
617 1335 656 1358 non
671 1326 749 1359 videtur
764 1335 808 1359 esse

53 1379 151 1423 possibile,
169 1380 222 1422 quod
239 1380 297 1413 huius
312 1379 406 1413 naturalis
421 1378 500 1413 notitiae
515 1381 588 1413 tantam
603 1380 725 1414 ohlirioaaai
741 1378 808 1423 capiat,

53 1435 105 1476 quod
115 1434 192 1475 nesciat,
202 1444 222 1467 se
230 1433 343 1468 huiusmodi
352 1434 451 1467 scientiam
459 1434 540 1474 habere;
553 1435 618 1467 nullus
627 1434 678 1467 enim
687 1434 809 1467 obliviscitur

53 1498 79 1529 ea,
98 1497 147 1530 quae
164 1487 278 1521 naturaliter
295 1487 399 1530 cognoscit.
422 1487 528 1529 Praecipue
543 1490 607 1521 autem
622 1487 700 1521 videtur
714 1488 751 1521 hoc
766 1497 810 1520 esse

53 1541 197 1584 inconveniens,
210 1541 226 1575 si
238 1544 327 1584 ponatur,
340 1551 383 1576 esse
395 1542 492 1576 rccrtnralc
503 1541 578 1575 animae
586 1541 645 1576 arciri
653 1542 740 1585 corpori.
760 1542 809 1575 Nam

53 1596 189 1630 inconveniens
207 1598 241 1637 est,
258 1596 310 1638 quod
326 1595 421 1629 naturalis
436 1595 522 1638 operatio
537 1595 618 1629 alicuius
634 1595 663 1629 rei
678 1596 762 1630 totaliter
775 1595 810 1628 im-

54 1647 143 1692 pediatur
154 1659 190 1693 per
201 1649 226 1692 id,
239 1651 292 1692 quod
304 1652 334 1684 est
346 1649 383 1683 sibi
395 1651 502 1684 secuudum
510 1652 606 1683 naturam.
627 1649 719 1684 Secarrdo
730 1654 811 1694 apparet

55 1705 112 1738 huius
124 1704 227 1747 positionis
239 1705 314 1738 falsitas
326 1714 351 1737 ex
362 1705 403 1746 hoo,
419 1706 471 1747 quod
484 1704 584 1738 deficiente
596 1705 661 1747 aliquo
674 1715 733 1739 sensu
746 1705 811 1739 deficit

56 1759 134 1793 scientia
146 1769 218 1800 eorum,
231 1769 280 1802 quae
293 1759 466 1802 apprehenduntur
479 1759 585 1792 secundum
597 1759 652 1792 illum
662 1769 747 1801 sensum,
761 1759 811 1794 sicut

56 1823 122 1848 caecus
128 1817 186 1848 natus
192 1813 265 1847 nullam
271 1816 336 1856 potest
342 1813 414 1847 habere
422 1813 520 1847 scientiam
527 1813 551 1847 de
558 1813 661 1847 coloribus.
681 1814 738 1853 Quod
746 1817 811 1848 tamen

55 1877 94 1902 non
111 1871 168 1910 esset,
187 1867 203 1901 si
217 1867 321 1902 intellectui
336 1867 410 1901 animae
425 1870 491 1902 essent
507 1868 621 1902 naturaliter
636 1867 708 1902 inditae
723 1868 810 1903 onmium

55 1922 204 1965 intelligibilium
216 1922 301 1955 rationes
313 1924 332 1956 et
343 1921 385 1955 eius
398 1922 447 1955 scire
459 1923 535 1955 tantum
547 1925 599 1955 esset
610 1921 715 1956 reminisci.

120 1976 164 2011 Alii
176 1986 223 2010 vero
235 1976 331 2018 dixerunt,
348 1976 401 2018 quod
413 1976 477 2009 anima
488 1978 518 2009 est
532 1976 572 2010 sibi
586 1976 629 2019 ipsi
643 1986 701 2010 causa
717 1977 812 2011 scientiae.

57 2030 99 2063 Non
116 2031 168 2064 enim
182 2040 194 2064 a
209 2031 299 2064 sensibus
318 2030 417 2064 scientiam
433 2030 506 2072 accipit,
524 2031 580 2073 quasi
598 2030 672 2064 actione
690 2031 811 2066 sensibilium

56 2084 193 2127 aliquomodo
209 2085 344 2119 similitudines
359 2094 426 2118 rerum
441 2085 465 2118 ad
480 2084 563 2118 animam
581 2085 702 2128 perveniant,
721 2087 755 2120 sed
769 2086 813 2128 ipsa

57 2139 120 2173 amma
132 2140 156 2173 ad
168 2139 298 2182 praesentiam
311 2139 431 2174 sensibilium
445 2138 582 2173 similitudines
594 2140 672 2174 illorum
684 2140 762 2175 format.

123 2194 160 2228 Sed
169 2194 216 2227 haec
223 2194 281 2227 etiam
289 2193 359 2236 positio
369 2203 408 2227 non
416 2194 494 2227 videtur
503 2194 588 2227 totaliter
594 2194 720 2228 rationabilis.
733 2195 812 2228 Nullum

57 2247 108 2281 enim
119 2257 180 2291 agens
192 2248 237 2290 agit,
248 2248 287 2282 nisi
297 2248 403 2282 secundum
411 2248 464 2290 qnod
472 2250 503 2281 est
510 2252 559 2281 actu.
579 2249 635 2282 Unde
643 2248 660 2282 si
668 2249 732 2282 anima
740 2250 814 2283 format

57 2299 77 2333 in
93 2311 113 2335 se
127 2302 214 2335 onmiilm
229 2312 295 2336 rernm
311 2302 452 2344 similitudines,
471 2305 552 2344 oportet,
570 2304 623 2345 quod
637 2302 681 2345 ipsa
695 2303 715 2336 in
731 2313 751 2337 se
766 2306 815 2338 acta

58 2355 127 2389 habeat
138 2357 181 2390 illas
194 2356 330 2390 similitudines
342 2366 414 2390 rerum.
435 2357 460 2390 Et
470 2356 497 2390 sic
507 2357 579 2390 redibit
590 2357 610 2390 in
622 2357 740 2399 praedictam
754 2358 815 2401 opini-

58 2418 119 2452 onem,
129 2420 178 2453 qiiae
186 2411 241 2453 ponit
249 2411 336 2445 omnium
344 2420 411 2444 rerum
422 2410 520 2444 scientiam
527 2411 602 2445 animae
609 2411 723 2445 naturaliter
729 2412 814 2446 insitam.

124 2465 149 2498 Et
160 2465 203 2499 ideo
211 2475 258 2507 prae
267 2466 358 2499 omnibus
367 2465 445 2499 videtur
453 2464 587 2499 rationabilior
597 2466 691 2499 sententia
700 2467 814 2509 Philosophi

58 2519 152 2561 ponentis,
166 2518 264 2553 scientiam
270 2519 350 2562 partita
358 2529 401 2553 esse
412 2520 437 2553 ab
447 2518 558 2561 crtriascco,
572 2519 646 2553 ratione
655 2520 813 2562 phantasmatum

58 2573 166 2607 asensibns
175 2577 303 2615 acceptorum,
310 2573 389 2616 parlim
395 2574 421 2607 ab
428 2573 541 2615 intrinseco,
552 2576 599 2615 puta
607 2574 631 2607 ab
641 2573 738 2608 intellectu
746 2578 815 2618 agente

58 2628 77 2658 et
83 2627 180 2668 possibili:
188 2627 260 2669 quippe
267 2629 320 2670 quod
326 2628 462 2670 phantasmata
469 2629 515 2660 sunt
521 2628 586 2669 potius
593 2628 674 2662 materia
681 2639 749 2663 causae
756 2640 815 2673 quam

59 2688 121 2722 causa,
136 2682 208 2715 nedum
223 2681 288 2715 totalis
303 2685 322 2715 et
338 2682 437 2715 sufficiens
453 2681 568 2723 cognitionis
580 2679 719 2718 intellectualis.
744 2685 769 2718 Et
780 2694 816 2727 per

714 2741 744 2772 11*
