1846 3062
273 724 433 772 QUAESTIO
450 725 555 767 PRIMA

178 828 212 861 DE
225 827 357 862 DOCTRINA
369 827 488 869 LOGIGAE,
501 827 594 867 QUALIS
607 828 653 869 Sir,

239 881 271 915 ΕΤ
283 881 316 915 AD
329 882 397 921 QUAE
411 882 441 916 SE
454 882 591 916 EXTENDAT

282 980 300 1000 Ill
311 979 383 1004 QUINQUE
394 978 482 1001 annotinos
493 980 548 1001 DlVlSA

41 1058 101 1088 &dr
114 1058 136 1089 ut
149 1054 230 1089 intentio
244 1057 311 1088 nostra
324 1055 361 1089 sub
376 1054 473 1097 aliquibus
487 1054 545 1088 certis
558 1054 653 1089 limitibus
667 1055 792 1097 comprehen-

38 1082 165 1202 Edatur
183 1109 345 1143 necessariume
335 1111 365 1143 est
383 1108 446 1151 primo
465 1108 584 1151 investigare
603 1109 627 1143 de
648 1109 691 1151 ipsa
709 1109 791 1152 Logicae

103 1163 195 1204 doctrina,
207 1163 270 1204 qualis
283 1162 308 1196 sit
320 1165 338 1196 61
350 1163 375 1196 ad
387 1172 436 1205 quae
448 1172 469 1197 se
481 1163 577 1197 extendat.

103 1217 158 1252 Circa
170 1226 219 1259 quae
231 1217 342 1258 quaerenda
355 1220 400 1263 sunt
412 1216 503 1259 quinque.

135 1271 211 1304 Primo:
223 1271 247 1304 de
258 1259 372 1304 necessitate
384 1270 442 1304 huius
455 1270 558 1304 doctrinae.

135 1325 233 1359 Secundo:
245 1326 312 1357 utrum
325 1324 350 1357 sit
362 1323 446 1358 scientia.

136 1377 210 1412 Tertio:
223 1379 289 1411 utrum
302 1377 327 1411 sit
339 1377 457 1420 speculativa
469 1377 500 1411 vel
511 1377 600 1419 practica.

137 1431 219 1470 Quarto:
232 1431 255 1464 de
268 1431 411 1472 comparatione
423 1431 464 1464 eius
476 1431 501 1464 ad
513 1431 560 1464 alias
573 1431 668 1465 scientias.

137 1484 218 1523 Quinto:
231 1484 254 1517 de
266 1484 340 1517 obiecto
353 1484 400 1517 eius.

310 1590 432 1623 ARTIGULUS
443 1590 523 1623 PRIMUS

102 1678 161 1707 urhun
175 1679 200 1706 al)
215 1678 344 1707 Druncrlouull
357 1677 432 1706 1101111111
446 1677 534 1706 harichis
548 1677 577 1706 Sir
590 1677 725 1716 NECESSARIUM,

268 1730 352 1766 1111111111
366 1731 474 1760 coordinari
488 1731 559 1759 aarum

68 1828 78 1850 u
95 1828 157 1850 PRIMUM
175 1828 199 1849 sic
216 1827 322 1852 PROCEDlTUR.
344 1817 426 1851 Videtur
446 1817 499 1860 quod
517 1826 557 1851 non
576 1817 601 1851 sit
618 1817 750 1852 necessarium
767 1819 792 1852 ad

79 1872 205 1907 directionem
223 1875 301 1907 actuum
318 1871 399 1907 rat-ionis
417 1872 502 1915 aliquam
519 1872 627 1906 doctrinam
642 1872 715 1907 haberi.
739 1873 792 1908 Sicut

38 1928 90 1961 enim
101 1926 190 1961 homines
202 1927 318 1961 ordinantur
329 1926 349 1960 in
360 1927 426 1968 finem,
438 1927 465 1960 ita
476 1929 495 1961 et
507 1926 543 1960 alia
555 1926 649 1961 animalia.
670 1927 707 1962 Sed
717 1928 741 1962 ad
749 1928 791 1970 hoo,

38 1982 91 2025 quod
103 1984 157 2016 actus
169 1981 251 2015 aliorum
263 1981 375 2015 animalium
387 1981 502 2015 ordinentur
516 1981 536 2015 in
547 1981 613 2023 finem,
629 1992 669 2016 non
684 1982 792 2025 requiritur

37 2036 76 2070 ulla
87 2046 120 2070 ars
132 2037 163 2071 vel
175 2036 267 2076 doctrina,
280 2035 314 2069 sed
326 2035 399 2069 sufficit
408 2035 502 2069 naturalis
510 2035 620 2069 instinctus.
640 2036 694 2079 Ergo
703 2036 792 2070 similiter

38 2090 62 2124 ad
74 2090 200 2124 directionem
212 2092 290 2124 actuum
302 2089 383 2123 rationis
395 2088 415 2122 in
426 2089 487 2123 11116111
498 2098 538 2122 non
549 2089 657 2132 requiritur
668 2091 792 2133 particularis

37 2143 130 2186 doctrina,
142 2144 177 2178 sed
189 2144 262 2178 sufficit
273 2143 377 2178 instinctus
389 2146 470 2177 naturae
481 2143 586 2177 rationalis.
637 2147 639 2150 ’

103 2200 118 2233 2.
133 2198 239 2241 Pmmnnm,
250 2197 300 2232 ratio
313 2208 390 2240 semper
402 2200 431 2232 est
443 2200 499 2235 recta,
512 2200 533 2231 ut
545 2197 591 2231 dicit
603 2198 734 2241 Philosophus
746 2200 756 2232 3
769 2200 793 2233 de

37 2250 113 2286 *licimo
121 2261 135 2285 c.
145 2253 160 2286 6.
180 2252 218 2286 Sed
230 2252 283 2294 quod
292 2254 322 2285 est
330 2255 409 2293 rectum,
421 2261 461 2285 non
468 2251 543 2293 indiget
550 2261 586 2293 per
594 2252 646 2285 aliud
655 2252 718 2296 dirigi.
738 2253 792 2295 Ergo

37 2314 76 2338 non
88 2309 118 2340 est
129 2305 251 2340 necessarius
263 2306 314 2339 ullus
326 2305 404 2348 habitus
417 2306 441 2339 ad
453 2305 578 2339 directionem
590 2309 669 2339 actuum
680 2306 767 2340 rationis.

102 2361 117 2394 3.
132 2360 238 2397 Pitumnum.
255 2359 305 2394 ratio
321 2369 360 2393 non
378 2360 441 2394 solum
459 2362 489 2393 651
506 2358 599 2394 directiva
616 2362 694 2394 actuum
710 2360 792 2394 aliarum

37 2413 173 2455 potentiarum,
186 2414 221 2448 sed
233 2414 290 2447 etiam
303 2423 389 2448 suarum.
409 2414 447 2448 Sed
455 2416 526 2447 natura
533 2423 572 2447 non
580 2413 627 2448 iacit
638 2423 674 2456 per
682 2414 726 2457 duo,
739 2415 792 2457 quod

38 2476 74 2509 per
86 2478 147 2502 unum
158 2469 222 2502 iacere
233 2471 303 2511 potest.
324 2469 377 2511 Ergo
388 2471 466 2511 praeter
474 2468 569 2501 rationem
581 2470 658 2502 nonest
669 2468 792 2503 necessarius

37 2520 89 2555 ullus
101 2522 180 2556 habitus
193 2522 217 2556 ad
229 2522 355 2557 directionem
367 2526 445 2556 actuum
457 2521 538 2556 rationi&

102 2578 118 2610 4.
133 2577 239 2618 Primnum,
252 2577 315 2610 omnis
328 2576 415 2611 doctrina
427 2577 492 2610 estad
504 2576 642 2618 perfectionem
654 2576 685 2610 vel
697 2579 793 2618 qrrantum

38 2629 62 2661 ad
73 2629 191 2664 intellectum
200 2631 231 2664 vel
242 2633 337 2673 quantum
345 2631 370 2664 ad
378 2631 503 2664 voluntatem.
523 2630 561 2663 Sed
570 2632 676 2673 utrumque
685 2631 793 2673 completur

38 2691 73 2724 per
81 2683 226 2727 Philosophiam
237 2685 376 2728 speculativam
388 2687 407 2718 et
418 2684 516 2718 moralem.
537 2684 590 2726 Ergo
597 2693 637 2718 non
645 2687 676 2718 est
683 2685 794 2719 necessaria

38 2736 74 2770 alia
86 2737 173 2772 doctrina
185 2738 209 2772 ad
222 2739 330 2772 doctrinam
342 2741 420 2772 actuum
432 2737 519 2771 rationis.
