1846 3062
358 116 465 157 cumerio
477 117 513 149 xu
775 107 813 144 rio

60 219 112 256 ljynae
127 213 229 258 dispositio
244 214 290 257 quia
304 214 406 257 tripliciter
421 216 496 248 tantum
511 214 604 253 variatur,
622 214 665 248 ideo
681 216 720 247 ires
738 215 811 246 tantum

59 274 105 305 sunt
116 270 192 312 figurae
205 268 371 311 syllogismorum.
394 268 435 302 Aut
446 268 497 302 enim
509 269 587 303 inedias
599 267 695 302 terminus
711 266 814 301 subiicitur

59 328 77 358 ct
88 322 211 366 praedicatur
224 322 283 356 semel
295 322 315 356 in
327 322 446 365 praemissis.
470 323 495 356 Et
511 322 539 356 sic
553 325 583 356 est
594 322 666 365 priano
681 321 752 364 figura,
768 321 814 364 quia

59 377 144 411 medium
156 377 214 410 habet
229 377 334 418 perfectam
349 376 443 410 rationem
459 376 523 417 medii,
538 377 591 418 quod
606 375 709 418 participat
723 378 813 409 naturam

60 434 195 471 1ι11111111111111
208 430 228 463 in
241 429 360 463 subficiendo
372 430 460 471 minoris,
472 433 491 463 et
501 430 581 463 maioris
588 430 609 463 in
617 430 756 472 praedicatum
769 430 814 463 sub-

59 484 122 518 iicitnr
134 484 186 517 enim
198 486 217 516 et
228 483 356 525 praedicatur.
375 483 417 516 Aut
423 483 547 525 praedicatur
556 484 592 517 bis.
613 484 638 516 Et
648 483 676 517 sic
683 485 713 516 est
724 483 813 517 secundo

59 538 128 580 ligura,
145 546 194 578 quae
212 536 297 570 secunda
313 536 389 577 dicitur,
407 536 452 578 qnia
468 536 533 570 deficit
547 546 558 569 1
570 536 688 579 perfectione
702 536 766 569 medii.
790 536 813 569 In

59 591 122 633 prima
134 590 185 623 enim
196 590 262 632 figura
273 589 360 623 medium
367 592 397 623 est
405 590 491 623 medium
500 590 606 623 secundum
616 590 711 624 rationem
720 592 739 623 et
748 590 814 632 positi-

59 654 121 678 onem.
141 644 165 677 11
173 644 257 678 secunda
269 647 333 677 autem
346 646 375 677 est
387 643 473 686 primum
486 644 592 677 secundum
601 644 723 686 positionem,
736 653 779 677 cnm
789 644 813 676 sit

60 708 120 741 supra
137 697 278 738 extremitates3
298 700 403 739 praeterea,
423 697 469 740 quia
486 697 565 740 dignius
583 700 613 731 est
629 697 737 740 praedicari
754 707 813 740 quain

60 752 134 786 subiici.
155 752 180 785 Et
190 751 234 785 ideo
247 753 293 785 naec
307 751 373 795 figura
385 752 492 785 secundnm
504 751 567 785 locum
580 753 636 785 tenet.
659 751 700 786 Atat
712 751 814 785 subiicitur

61 807 95 841 bis.
119 807 144 839 Et
157 806 184 840 sic
195 808 225 840 est
240 807 301 841 tertia
315 806 385 849 figura,
401 815 450 849 quae
465 805 535 840 dicitur
550 805 612 847 tertia,
627 806 672 849 quia
686 805 772 840 medium
785 809 814 839 est

60 861 138 895 tertium
154 860 261 895 secundum
276 860 397 903 positionem,
415 870 459 895 cum
475 860 500 894 sit
514 860 565 894 inira
580 860 718 901 extremitates,
736 862 754 894 et
769 861 814 903 quia

60 915 146 949 medium
157 925 197 949 non
206 917 244 950 stat
251 915 271 949 in
279 916 348 958 medio,
361 915 410 950 sicut
418 915 438 949 iu
447 915 515 959 prima,
528 917 547 949 et
556 915 658 949 subiicitur
667 925 749 957 semper,
761 916 814 957 quod

59 973 89 1004 est
100 969 206 1013 indignius.

125 1026 180 1059 Unde
192 1025 250 1059 etiam
259 1028 316 1068 111111,
329 1025 381 1068 qnod
390 1025 453 1059 solnm
461 1024 481 1058 in
490 1024 553 1068 prima
561 1025 626 1068 iignra
635 1024 721 1058 inedium
730 1024 814 1058 sumitur

59 1080 110 1113 inter
127 1082 223 1120 extrema;
243 1080 264 1113 in
282 1080 366 1114 secunda
383 1082 447 1113 autem
464 1079 530 1122 figura
547 1079 633 1113 medium
651 1079 744 1122 accipitur
760 1082 814 1113 extra

59 1136 151 1175 extrema,
167 1134 223 1176 quasi
235 1134 367 1176 praedicatum
383 1135 406 1168 de
418 1134 455 1173 eis;
470 1134 490 1167 in
506 1133 563 1167 tertia
579 1144 626 1167 vero
640 1133 706 1177 figura
720 1133 772 1167 inira
784 1143 815 1167 ex-

60 1191 127 1230 trema,
147 1187 204 1230 quasi
223 1188 331 1222 subiectum
348 1189 372 1222 de
387 1188 420 1222 eis.
444 1188 469 1221 ut
483 1187 530 1221 aliae
544 1188 621 1230 figurae
635 1187 723 1230 indigent
741 1187 813 1229 primm

59 1241 124 1283 prima
135 1245 199 1275 antem
212 1252 251 1276 non
262 1242 337 1285 indiget
348 1242 396 1276 aliis.

125 1318 151 1351 An
163 1328 271 1350 xncmmnruu
282 1328 325 1350 unco
336 1329 416 1350 urrunnun
428 1319 481 1360 quod
492 1318 597 1352 diversitas
609 1318 719 1361 figurarum
732 1328 771 1352 non
784 1328 814 1352 su-

60 1372 120 1405 mitur
134 1381 159 1405 ex
173 1371 314 1414 principiorum
329 1372 447 1413 diversitate,
464 1373 497 1406 sed
512 1382 536 1406 ex
551 1371 664 1406 diuersitate
679 1372 814 1414 dispositionis

61 1425 118 1458 medii
130 1435 174 1459 cum
186 1426 284 1459 extremis.

339 1568 420 1572 μ’.
425 1554 451 1586 (ps
454 1568 536 1572 -mffm

229 1713 392 1758 QUAmsrlo
410 1713 643 1755 DEOIMASEXTA

216 1814 250 1847 nu
263 1814 427 1849 srnuoorsmo
441 1815 659 1849 nunionsruxrrxo

327 1912 343 1932 IN
355 1912 384 1932 SEX
396 1912 484 1934 Auricunos
495 1912 551 1933 Divisa

60 1967 106 1991 Q

62 1992 65 2028 ζ
112 1997 141 2018 osr
154 1988 328 2021 considerationem
340 1989 363 2021 de
377 1988 490 2031 syllogismo
502 1988 522 2022 in
538 1989 636 2023 conmmni
651 1989 814 2023 considerandum

60 1993 110 2100 ,iffi
123 2043 153 2075 est
161 2041 185 2075 de
194 2041 308 2084 syllogismo
316 2042 475 2081 demonstrativo,
484 2043 555 2085 quiesi
563 2042 615 2076 illius
623 2043 727 2085 praecipua
736 2043 815 2085 species.

63 2096 93 2114 Ψ
124 2095 173 2128 Nam
187 2094 267 2129 finiset
283 2095 364 2130 effectus
379 2096 420 2129 eins
436 2098 466 2130 est
481 2096 583 2139 acquisitio
601 2097 696 2137 scientiae,
715 2097 739 2130 ad
757 2107 816 2140 qnam

61 2149 132 2191 Logicu
149 2149 242 2183 universa
257 2150 364 2183 ordinatur.
388 2150 437 2189 Quia
453 2153 516 2184 autem
535 2151 598 2185 omnis
616 2152 705 2185 doctrina
722 2161 746 2184 ex
762 2161 816 2193 prae-

61 2203 155 2237 existente
166 2203 190 2237 iit
198 2203 312 2247 cognitione,
325 2205 372 2238 haec
380 2205 508 2239 consideratio
518 2205 555 2239 erit
563 2205 667 2248 tripartita.
685 2205 754 2239 Primo
764 2205 815 2238 euim

61 2257 228 2292 considerabinms
243 2259 267 2292 de
282 2258 443 2301 praecognitione,
459 2269 508 2302 quae
523 2260 618 2293 antecedit
634 2260 770 2302 syllogismum
791 2259 816 2292 ie-

61 2312 211 2346 monstrativum
231 2312 311 2356 eiusque
332 2313 411 2355 speeies.
435 2313 526 2348 Secumto
544 2314 568 2347 de
585 2313 628 2357 ipsa
645 2313 816 2348 (lemonstratione.

62 2366 127 2400 Tertio
139 2367 163 2400 dc
176 2367 260 2410 scientia,
273 2367 306 2410 qui
318 2370 348 2402 cst
360 2368 440 2402 effectus
452 2368 504 2402 illam
517 2378 643 2411 consequens.

128 2421 183 2455 Circa
194 2422 280 2464 primum
292 2423 362 2457 horum
375 2427 497 2467 quaeruntur
509 2433 548 2457 sex.

157 2476 232 2510 Primo:
241 2480 307 2512 utrum
318 2479 381 2512 omnis
390 2478 473 2521 cognitio
479 2478 596 2512 intellectiva
602 2479 637 2512 ilat
643 2488 667 2512 ex
674 2478 816 2521 praeexistente

193 2532 302 2574 cognitione
315 2533 414 2568 sensitiva.

160 2584 258 2619 Seoumlo:
270 2589 337 2621 utrum
349 2587 434 2630 cognitio
445 2587 585 2630 principiorum
598 2588 633 2621 iiat
641 2598 665 2621 cx
673 2588 817 2631 praeexistente

193 2639 302 2682 cognitione
314 2642 465 2683 experimentali.
