1846 3062
241 173 348 213 QUAESTIO
359 173 403 206 XXV
425 174 547 208 ARTICULUS
558 176 566 207 l

159 384 329 430 QUAESTIO
344 384 651 432 VictESIMAQUINTA

86 487 120 521 ua
134 485 260 520 assaurm
272 486 409 521 scmurmn
423 488 547 527 ouauruu
558 489 591 523 lu
604 489 722 523 alatrum

287 585 304 605 m*
315 585 354 606 Tuas
365 585 453 607 ARTICULOS
464 586 518 607 DIVISA

30 641 135 706 {Quum
147 660 235 703 sequitur
247 660 409 694 considerandum
422 661 446 695 de
456 662 540 696 essentia
552 662 641 696 scientiae
653 665 748 705 quantum
759 662 783 697 ad

29 728 83 791 dm
101 713 194 749 habitum.

113 769 168 803 Circa
180 769 232 812 quod
244 771 365 811 quaeruntur
377 769 419 803 tria.

128 823 203 858 Primo:
224 825 291 857 utrum
311 823 390 857 scientia
407 823 511 859 habitualis
529 825 554 859 sit
572 825 656 859 collectio
675 826 782 868 specierum

160 877 316 920 intelligibilium.

129 932 227 966 Secundo:
239 935 306 966 utrum
319 932 344 966 sit
356 933 440 976 simplex
451 933 539 976 qualitas.

129 986 202 1021 Tertio:
216 986 239 1020 de
251 986 363 1021 definitione
375 987 422 1021 eius.

300 1128 422 1161 narremus
433 1128 513 1161 PRIMUS

31 1226 98 1255 UTRUM
112 1226 199 1255 solitaria
213 1226 327 1254 HABITUALlS
342 1226 370 1254 SIT
385 1226 486 1255 contactio
501 1227 608 1256 sabomacum
622 1228 785 1256 INTELLIGIBILIUM

33 1323 71 1396 Aa
83 1322 145 1344 amima
157 1323 180 1344 s1c
191 1322 296 1346 ruocmuuu.
316 1312 397 1347 Videtur
405 1313 458 1356 quod
467 1313 546 1347 scientia
553 1313 657 1348 habitualis
667 1312 691 1347 sit
700 1313 786 1347 collectio

74 1366 182 1410 specierum
193 1365 348 1409 intelligibilium.
372 1366 454 1401 Scieutia
470 1367 522 1401 enim
535 1367 560 1401 fit
574 1377 610 1409 per
621 1367 785 1401 assimilationem.

33 1421 71 1456 Sed
88 1422 135 1454 haec
151 1420 174 1454 tit
193 1430 228 1463 per
246 1420 329 1462 speciem
348 1420 494 1464 intelligibilem,
513 1431 563 1464 quae
582 1423 612 1455 est
632 1421 738 1455 similitudo
758 1421 786 1456 rei

32 1476 143 1509 intellectae.
163 1475 217 1517 Ergo
236 1473 315 1508 scientia
330 1474 439 1509 formaliter
455 1474 503 1508 nihil
520 1475 572 1509 aliud
590 1478 620 1509 est
635 1485 694 1518 quam
713 1475 786 1518 species

32 1528 163 1571 intelligibiles
175 1529 279 1563 ordinatae.

98 1585 114 1617 2.
123 1584 228 1622 Panamara,
237 1583 313 1616 trustra
323 1583 347 1616 iit
355 1584 458 1625 perplura,
465 1584 517 1626 quod
527 1586 592 1625 potest
599 1583 643 1617 fieri
649 1593 685 1626 per
690 1584 787 1627 pauciora

34 1638 71 1672 Sed
77 1638 98 1671 in
104 1637 183 1681 Angelis
190 1637 269 1671 scientia
275 1637 379 1671 habitualis
385 1637 433 1671 nihil
439 1638 532 1680 importat
538 1640 616 1681 praeter
623 1637 787 1672 coordinationem

34 1692 142 1734 specierum
153 1691 308 1734 intelligibilium
326 1692 380 1734 Ergo
391 1692 443 1725 idem
455 1691 513 1725 etiam
525 1691 639 1734 importabit
650 1691 670 1725 in
682 1691 765 1725 homine.

99 1769 132 1802 Suu
145 1778 207 1800 comm
218 1778 247 1799 asr
259 1768 312 1810 quod
323 1778 358 1810 per
370 1768 458 1801 habitum
471 1768 560 1802 scientiae
572 1768 631 1802 homo
642 1771 671 1802 est
679 1771 788 1811 promptus

34 1823 62 1857 acl
69 1822 204 1856 iudicandum
216 1822 240 1856 de
249 1822 410 1856 conclusionibus.
432 1822 469 1856 Sed
478 1822 551 1865 species
559 1822 689 1865 intelligibiles
698 1832 737 1856 non
746 1832 789 1865 per-

34 1877 95 1910 tinent
107 1877 132 1910 ad
142 1876 240 1918 iudicium,
253 1876 287 1910 sed
299 1876 324 1910 ad
333 1876 513 1918 apprehensionem.
534 1877 587 1919 Ergo
597 1876 676 1910 scientia
684 1876 788 1910 habitualis

33 1941 73 1965 nou
84 1934 115 1965 est
126 1930 222 1965 ordinatio
235 1930 343 1972 specierum
354 1930 510 1973 intelligibilium.

99 2008 196 2041 Rrsroraro
204 2017 283 2039 urcaunnu
291 2007 344 2048 quod
352 2007 376 2040 de
383 2006 462 2040 scientia
467 2006 560 2040 habituali
569 2006 642 2049 opinati
651 2009 697 2040 sunt
703 2007 789 2049 quidum

34 2062 150 2104 philosophi,
162 2071 204 2096 eam
217 2070 259 2094 esse
272 2060 402 2094 collectionem
413 2061 444 2095 vel
452 2060 594 2094 ordinationem
603 2060 712 2103 specierum
721 2060 790 2094 intelli-

34 2115 128 2158 gibilium.
148 2115 186 2149 Sed
194 2115 240 2149 haec
248 2113 313 2157 opinio
322 2124 361 2148 non
370 2116 400 2147 est
409 2114 531 2148 conveniens.
547 2115 596 2148 Nam
604 2114 648 2148 licet
657 2114 681 2148 ad
690 2114 790 2149 scientiam

35 2170 144 2204 necessario
156 2169 282 2212 requirantur
292 2168 365 2210 species
373 2167 504 2211 intelligibiles
512 2168 613 2202 ordinatae
620 2171 789 2211 repraesentantes

35 2224 168 2258 conclusiones
180 2222 250 2264 varias,
268 2223 291 2256 de
304 2222 375 2265 quibus
387 2225 417 2256 est
429 2222 513 2260 scientia,
528 2232 567 2257 nou
582 2225 647 2256 tamen
660 2222 680 2255 in
692 2223 728 2255 hac
740 2222 791 2255 ordi·

35 2277 112 2312 natione
120 2277 228 2312 formaliter
236 2277 325 2311 consistit
332 2275 436 2310 habitualis
445 2276 529 2317 scientia,
542 2277 576 2310 sed
585 2279 665 2311 tautum
674 2275 790 2310 causaliter.

36 2330 113 2373 Species
121 2331 172 2365 euim
178 2331 309 2374 intelligibiles
317 2330 427 2365 necessario
435 2330 563 2373 requiruntur
571 2331 644 2372 adhoc,
653 2333 675 2364 ut
682 2330 790 2364 intellectus

37 2385 62 2418 sit
71 2385 184 2428 simpliciter
191 2388 261 2429 potens
269 2384 392 2419 considerare
401 2384 549 2419 conclusionem.
565 2384 591 2418 at
599 2384 678 2418 scientia
686 2383 790 2418 habitualis

36 2448 75 2472 uon
87 2440 194 2482 requiritur
206 2439 319 2481 simpliciter
331 2439 355 2472 ad
367 2438 546 2480 considerationem,
564 2439 598 2472 sed
612 2440 688 2472 tautum
703 2438 732 2471 ud
744 2438 792 2472 bene

36 2503 71 2527 seu
82 2494 110 2527 ccl
122 2494 187 2535 facile,
198 2496 294 2537 prompte
306 2503 330 2527 uc
342 2492 489 2527 delectabiliter
498 2493 680 2534 considerandum,-
692 2492 791 2535 quomodo

36 2547 144 2590 requiritur
156 2548 237 2590 quilibet
248 2548 327 2581 habitus
339 2547 364 2580 ad
376 2549 445 2580 actum.

102 2601 243 2636 Rationabilius
251 2611 299 2644 ergo
308 2601 348 2635 alil
356 2600 427 2642 dicunt,
436 2601 489 2643 quod
500 2600 578 2634 scientia
584 2600 693 2635 formaliter
699 2600 792 2643 importat

38 2655 158 2697 qualitatem
166 2656 191 2690 de
196 2656 269 2698 prima
276 2655 344 2698 specte,
353 2657 407 2697 putu
416 2655 512 2697 bullitum,
527 2664 584 2697 quem
594 2655 683 2698 sequitur
691 2658 792 2697 respectus

37 2709 62 2742 ad
74 2709 145 2744 scibile.
752 2701 754 2703 ¹

70 2773 157 2805 Euglerl‚
167 2773 217 2799 Prima
225 2774 262 2799 Pars
270 2773 326 2800 Summ.
335 2773 390 2800 Philos.
400 2773 415 2800 S.
424 2773 476 2799 Thom.
485 2774 513 2804 Aq.
707 2766 728 2797 12
