1846 3062
350 171 475 205 enarrarre
732 157 792 194 XVII

38 279 107 318 sancti
115 276 215 316 Doctoris
226 279 246 312 et
256 271 411 321 incipientibus
422 274 442 308 et
452 269 610 307 maturioribus
621 280 664 305 non
675 267 792 314 ingratum.

38 346 81 383 Eas
96 344 152 381 enim
167 341 228 378 sedes
243 338 302 386 apud
316 337 387 384 ipsum
401 335 504 372 Thomam
520 333 657 383 respiciendo
673 335 693 369 et
711 332 742 368 sic
755 334 793 369 aut

39 409 72 446 sui
87 408 141 443 iuris
159 404 231 441 studio
249 403 337 451 privato
357 402 394 436 aut
413 399 578 435 seminariorum
596 398 643 434 sire
661 397 793 433 circulorum

39 470 148 508 exercitiis
158 468 229 514 ipsum
239 466 343 503 Thornam
354 463 433 500 sensim
445 462 641 509 pedetemptimque
651 460 793 507 intelligendo

2 539 5 578 ᾖ
39 533 148 570 scholares
156 529 305 577 ‘praedivitem
321 528 381 564 illam
392 529 550 572 consequentur
562 529 582 561 et
593 525 734 573 adaugebunt
744 524 793 560 hae-

2 611 5 614 *
39 596 159 640 reditatem,
175 604 229 641 quae
244 591 364 629 innumeris
373 590 484 627 Ecclesiae
494 589 629 637 sapientibus
643 600 682 638 per
697 588 762 637 plura
773 591 794 624 et

1 665 6 696 ’,
40 660 137 698 feliciora
153 658 238 695 saecula
253 656 363 704 praesidio
378 658 426 692 erat
441 657 462 691 et
477 654 561 701 gratiae
577 655 634 701 apud
645 655 713 691 Deum
729 657 794 701 atque

40 725 142 764 homines.

20 777 22 781 ‚
107 789 204 838 Accipiat
218 788 286 837 igitur
303 787 389 824 alumna
404 797 516 824 sacrorum
533 786 635 823 inventus
653 786 709 823 hanc
726 785 795 834 philo-

42 852 129 905 Sophiae
145 854 288 893 Thornisticae
304 863 409 890 summam
422 863 433 889 e
444 851 544 889 manibus
554 852 674 900 animisque
684 862 795 899 nunquam

42 922 201 961 dimittendam:
222 923 253 956 est
271 929 348 966 nempe
368 928 451 954 summa
466 916 603 954 Christianae
620 917 673 954 fidei
693 920 714 954 et
732 917 795 954 docu-

1 996 4 1030 ,ζ
42 988 119 1024 mentis
129 985 238 1023 Ecclesiae
253 995 279 1020 ex
290 986 336 1020 toto
349 993 448 1029 consona,
463 985 495 1019 est
505 982 559 1030 quid
567 982 687 1030 ingenuum
696 981 796 1030 doctrina
819 1023 821 1026 ,

1 1059 5 1082 i
43 1056 64 1089 et
78 1051 166 1088 firmum
181 1048 293 1094 sententia,
309 1051 341 1085 est
357 1047 410 1095 quid
425 1048 452 1085 ad
467 1058 572 1084 summam
583 1046 713 1094 Theologiae
728 1047 796 1084 intro-

1 1144 3 1161 ,
43 1115 165 1153 ductorium
180 1117 201 1151 et
215 1111 411 1161 praeparatorium.

108 1179 176 1214 Tanta
191 1189 243 1225 ergo
258 1177 340 1223 talique
355 1187 438 1212 summa
453 1176 509 1212 laete
524 1187 548 1212 ac
564 1175 629 1222 digne
644 1178 738 1222 accepta,
753 1175 797 1211 iam

1 1227 3 1229 .
40 1241 137 1288 primam
152 1242 245 1288 Logicae
259 1241 301 1277 iter
316 1244 404 1277 strenue
418 1240 576 1287 ingrediantur,
596 1240 689 1276 arduum
710 1239 798 1286 quidem

44 1308 108 1351 atque
123 1305 242 1350 intendens,
258 1305 295 1340 sed
310 1303 456 1340 necessarium
471 1304 558 1340 omnino
573 1306 594 1339 et
604 1303 676 1340 ferens
688 1303 716 1339 ad
725 1302 798 1339 linem.

44 1368 99 1404 Ecce
120 1371 205 1415 partem
224 1367 326 1415 primam!
357 1367 445 1411 Deinde,
467 1367 545 1404 itinere
565 1366 606 1403 hoc
628 1367 682 1403 bene
703 1369 798 1414 peracto,

45 1432 157 1469 visitemus
171 1432 271 1480 regiones
290 1432 441 1480 philosophiae
458 1432 524 1469 realis
542 1431 669 1469 latissimas:
689 1434 710 1468 et
724 1432 799 1479 primo

45 1497 194 1547 philosophiae
218 1498 324 1535 naturalis
348 1509 448 1547 campum
474 1497 587 1544 floridum,
614 1497 705 1535 cealtide
734 1497 799 1535 Meta-

45 1564 147 1613 physicae
153 1567 236 1601 montes
244 1564 366 1613 praecelsos
374 1567 395 1601 et
403 1564 505 1613 fulgidos,
513 1575 605 1613 quornm
614 1563 724 1610 altissimo,
733 1563 799 1601 Thec-

45 1629 103 1677 logia
112 1628 193 1666 scilicet
201 1629 302 1676 naturali,
311 1629 365 1667 coeli
373 1632 500 1678 tanguntur.
521 1630 577 1667 Ecce
585 1632 669 1677 partem
678 1629 800 1675 secundam,

46 1694 179 1731 subdivisam
194 1694 216 1730 in
227 1694 320 1742 primam
330 1698 351 1732 et
362 1695 488 1733 secundam!
515 1695 567 1732 Talin
578 1695 674 1742 (lenique,
689 1695 800 1731 montibus

46 1759 89 1795 illis
104 1759 203 1805 ascensis,
218 1759 308 1796 Ethicae
323 1763 407 1797 tractus
421 1759 516 1807 frugifer
526 1760 549 1796 in
560 1759 625 1797 dorso
635 1759 741 1797 montium
751 1769 800 1807 por-

46 1826 119 1860 rectus
133 1827 284 1872 prospectatur
300 1828 320 1861 et
335 1825 486 1873 perlustretur.
512 1825 569 1862 Ecce
579 1827 664 1872 partem
674 1824 771 1861 tertiam!

112 1888 195 1931 Quibus
212 1889 254 1925 uiis
268 1889 310 1925 rite
329 1889 441 1937 correptis,
459 1889 542 1926 licitum
561 1890 602 1926 erit
620 1889 688 1935 nohis,
706 1889 801 1936 patriam

48 1955 144 1989 nostram
152 1953 259 1999 adpetere,
266 1963 350 1989 sacram
357 1953 448 1990 dicimus
455 1953 596 2001 Theologiam
605 1954 675 2001 ipsam
684 1953 707 1989 in
717 1963 801 1989 summa

47 2015 177 2063 Theologiae
191 2017 348 2063 perfectissime
366 2017 529 2054 subsistentem:
550 2028 605 2064 quae
623 2021 655 2054 est
673 2017 801 2064 simpliciter

48 2079 134 2126 dignior
142 2079 242 2117 omnibus
251 2079 299 2116 aliis
307 2080 408 2125 scientiis,
417 2083 437 2116 et
445 2080 538 2116 maxime
547 2080 653 2126 snpientia
662 2080 719 2116 inter
729 2091 802 2116 omnes

48 2142 166 2190 sapientias
181 2144 292 2190 humanas,
308 2147 328 2181 et
344 2144 430 2192 supplet
445 2155 518 2181 onmes
533 2143 631 2181 delectus
645 2143 802 2193 philosophiae.

48 2207 139 2245 Divinae
150 2220 243 2257 namque
252 2209 393 2246 revelationis
408 2209 489 2245 lumine
502 2210 665 2258 supernaturali
675 2210 743 2246 Deum
754 2221 802 2246 con-

49 2272 130 2312 siderat
145 2277 166 2313 et
180 2286 216 2313 res
230 2275 350 2323 universas,
365 2276 483 2314 secundum
499 2276 557 2324 quod
571 2275 652 2314 habent
666 2275 765 2313 ordinem
776 2275 803 2313 ad

48 2339 116 2377 Deum
130 2344 155 2378 ut
170 2341 197 2378 ad
212 2341 344 2390 principium
355 2345 375 2379 et
385 2341 462 2389 finem,
479 2345 500 2379 et
510 2354 549 2390 per
559 2341 625 2380 fidem
636 2342 698 2380 nobis
708 2342 803 2379 infusam

29 2443 40 2447 1,
48 2404 90 2452 ipsi
100 2406 183 2454 primae
194 2407 283 2445 veritati
292 2407 392 2445 inhaeret
402 2410 493 2456 propter
503 2419 551 2445 eam
560 2408 635 2455 ipsam.
650 2408 679 2445 Et
689 2407 719 2445 sic
727 2418 803 2445 cursus

50 2469 186 2508 Christianus
204 2472 349 2520 scientiarum,
369 2473 484 2521 splendens
502 2477 523 2510 et
540 2473 617 2511 fovens
635 2473 803 2521 incomparabili

50 2545 88 2571 sua
107 2531 233 2584 integritate
252 2540 273 2574 et
293 2538 435 2584 formositate,
456 2549 495 2586 per
514 2538 674 2586 philosophiam
696 2542 717 2575 et
737 2538 804 2575 Theo-

49 2598 130 2646 logiam
144 2601 200 2638 miro
215 2602 331 2639 coniicitur
347 2603 423 2640 ordine
439 2607 503 2650 atque
518 2603 662 2640 incremento:
682 2614 730 2640 cum
749 2614 804 2640 com-

50 2664 162 2710 prehensis
177 2665 210 2712 iis,
224 2677 279 2714 quae
294 2667 375 2703 lumine
390 2667 486 2704 naturali
501 2670 591 2715 possunt
604 2668 711 2715 cognosci,
727 2668 805 2707 altiora

83 2737 172 2769 Englert,
181 2738 232 2763 Prima
241 2740 278 2764 Pars
287 2740 342 2765 Summ.
351 2739 407 2766 Philos.
417 2740 431 2766 S.
440 2740 493 2766 Thom.
502 2740 529 2771 Aq.
725 2731 740 2763 Π
