1846 3062
124 140 149 178 50
340 150 446 190 QUAESTIO
458 151 480 183 VI
502 151 623 185 ARTICULUS
634 153 657 185 ΙΙΙ

124 248 222 288 Platonici,
234 247 304 281 animal
316 250 335 281 et
346 247 444 282 hominem
456 248 476 281 in
490 258 525 283 sua
536 249 682 284 universalitate
694 259 737 284 esse
750 251 875 286 substantias.

124 302 444 345 (110111111111111116111111111.
456 312 471 336 c.
480 304 500 337 13
512 305 609 346 reprobat,
622 305 726 338 ostendens
739 305 791 348 quod
803 305 875 339 animal

124 366 225 391 commune
236 366 275 390 nou
287 359 317 390 est
329 356 392 398 aliqua
405 357 514 391 substantia
525 358 545 391 in
557 368 623 392 rerum
635 361 709 401 natura,
722 360 756 393 sed
765 360 817 402 quod
825 360 876 394 hanc

124 411 279 445 communitatem
288 410 346 444 habet
352 413 421 444 natura
429 411 522 454 animalis,
530 412 637 446 secundum
646 413 699 456 quod
707 416 736 447 est
744 413 764 447 in
771 413 875 456 intellectu,

123 466 156 508 qui
167 465 220 499 illam
232 464 300 507 accipit
311 467 333 498 11
344 464 410 499 multis
423 475 550 508 communem,
562 466 677 509 inquantum
685 467 781 501 abstrahit
789 467 840 501 illam
849 468 874 502 ab

123 520 213 554 omnibus
226 519 369 554 conditionibus
381 519 553 555 individuantibus.

434 618 555 625 mvm
558 620 564 624 ⁷

387 692 508 726 ARTICULUS
520 694 612 726 TERTIUS

194 791 255 819 oraim
269 791 328 820 RECTE
342 790 384 818 smr
399 790 511 819 assiculrlu
525 791 662 820 rnoaartrlrus
676 791 801 820 susssrlurmr

124 888 162 957 Aa
174 887 243 909 runuuu
250 887 273 908 sic
281 886 386 909 1111111111.
405 876 486 910 Videtur
498 877 550 919 quod
562 886 601 910 non
609 881 660 911 reete
669 877 708 910 sint
718 877 827 920 assignatae
840 887 875 911 sex

163 930 292 973 proprietates
305 929 433 964 substantiae:
447 931 499 973 quod
511 940 550 964 non
563 931 588 964 sit
598 930 618 963 in
628 931 719 972 subiecto,
731 931 784 973 quod
792 930 874 965 univoce

123 986 245 1028 praedicetur
263 985 286 1018 de
301 984 433 1027 inferioribus,
451 985 503 1027 quod
521 985 584 1027 prima
601 984 709 1019 substantia
725 984 821 1027 significet
838 985 876 1019 hoc

123 1039 195 1081 aliquid
215 1041 234 1072 et
252 1039 336 1072 secunda
351 1038 407 1080 quale
425 1039 477 1081 quid,
497 1040 550 1081 quod
569 1039 677 1072 substantia
694 1048 733 1072 non
748 1039 817 1073 habeat
831 1048 874 1072 cou-

123 1092 211 1135 trarium,
223 1093 276 1136 quod
287 1103 327 1126 non
340 1092 432 1134 suscipiat
444 1093 506 1135 magis
519 1096 537 1126 et
549 1093 614 1126 minus
626 1096 645 1126 et
656 1094 709 1135 quod
717 1093 784 1127 eadem
793 1102 874 1127 manens

123 1147 148 1181 sit
160 1147 271 1189 susceptiva
283 1147 430 1181 contrariorum.
450 1147 499 1180 Nam
508 1147 571 1180 omnis
581 1147 691 1189 proprietas
703 1146 758 1189 ponit
769 1147 842 1189 ahquid
854 1146 874 1180 in

122 1211 150 1243 eo,
163 1201 217 1235 ouius
229 1203 259 1235 est
270 1201 386 1243 proprietas.
407 1201 444 1235 Sed
456 1210 495 1234 nou
507 1210 550 1235 esse
562 1201 582 1234 in
592 1200 683 1243 subiecto,
695 1204 725 1245 est
733 1210 783 1243 pura
792 1200 875 1243 negatio.

124 1256 177 1298 Ergo
189 1265 228 1289 non
240 1257 304 1297 potest
316 1264 359 1288 esse
371 1255 480 1297 proprietas
494 1255 618 1289 substantiae.

188 1312 203 1343 2.
221 1310 326 1350 Paarrunm,
344 1308 425 1342 univoce
439 1308 552 1350 praedicari,
569 1311 591 1342 ut
605 1308 651 1342 dicit
663 1309 793 1350 Philosophus
805 1311 816 1342 4
829 1309 875 1350 Top.

123 1374 137 1398 c.
150 1366 165 1406 3,
177 1367 207 1398 est
219 1364 242 1397 de
254 1362 328 1397 ratione
340 1362 423 1405 generis.
447 1362 485 1396 Sed
497 1362 554 1396 etiam
566 1362 654 1396 accidens
669 1365 734 1405 potest
749 1372 792 1397 esse
806 1372 875 1405 genus,

122 1418 174 1451 uude
186 1418 252 1451 decem
263 1417 423 1458 praedicamenta,
436 1426 519 1458 quorum
528 1426 599 1450 novem
608 1419 653 1449 sunt
662 1416 771 1458 accidentia,
784 1416 875 1449 dicuutur

124 1473 189 1505 decem
198 1480 274 1514 genera.
288 1471 340 1513 Ergo
349 1469 430 1503 univoce
438 1469 546 1512 praedicari
554 1479 593 1503 non
601 1472 631 1503 est
638 1469 741 1512 proprium
750 1469 874 1504 substantiae.

189 1527 204 1559 3.
216 1526 321 1563 1111111111,
334 1523 397 1556 anima
409 1523 507 1557 rationalis
520 1527 550 1557 est
561 1524 597 1557 hoc
608 1523 686 1566 aliquid,
699 1533 742 1557 eunt
754 1534 789 1566 per
799 1533 819 1557 se
831 1524 876 1557 sub-

124 1579 180 1612 sistat
192 1582 211 1612 et
222 1588 257 1620 per
270 1587 290 1611 se
302 1580 398 1620 operetur.
422 1577 459 1611 Sed
471 1577 535 1610 anima
546 1576 646 1611 rationalis
657 1587 697 1611 non
712 1579 741 1610 est
755 1577 818 1620 prima
831 1578 876 1611 sub-

124 1633 199 1674 stantia,
208 1633 242 1666 sed
250 1642 297 1674 pars
306 1632 363 1665 illius.
379 1632 432 1674 Ergo
442 1631 552 1673 significare
561 1632 597 1665 hoc
605 1631 677 1673 aliquid
687 1634 763 1665 nonest
772 1631 874 1673 proprium

123 1687 197 1728 primae
210 1686 335 1720 substantiae.

189 1743 204 1774 4.
211 1741 316 1779 Pnanranm,
325 1742 346 1773 ut
354 1740 425 1781 probat
431 1739 562 1781 Philosophus
568 1740 578 1773 9
585 1739 697 1782 llfetopltps.
704 1749 718 1772 c.
725 1741 740 1778 Τ,
749 1749 806 1773 omne
812 1749 875 1782 genus

123 1795 217 1828 dividitur
232 1803 267 1836 per
284 1793 391 1828 contrarias
406 1792 532 1827 differentias.
556 1793 594 1827 Sed
609 1792 730 1826 differentiae
745 1796 849 1827 sumuntur
864 1803 875 1827 a

121 1849 197 1888 formis,
209 1851 231 1882 ut
243 1848 313 1882 dicitur
325 1850 335 1882 7
346 1848 458 1890 alfetapltps.
471 1857 485 1881 e.
494 1848 509 1881 2.
529 1848 582 1890 Ergo
594 1847 720 1881 contrarietas
732 1850 762 1881 est
773 1847 793 1881 in
804 1846 875 1881 formis

123 1902 289 1937 substantialibus.

187 1959 202 1991 5.
215 1957 320 1995 Ρ11111111,
332 1955 418 1998 Angelus
430 1958 460 1989 est
471 1955 534 1997 magis
546 1955 570 1988 ad
582 1954 686 1997 imaginem
696 1955 730 1988 Dei
743 1965 801 1998 quam
810 1955 874 1998 homo,

122 2016 141 2044 et
153 2012 293 2052 cousequenter
308 2012 338 2042 est
349 2008 412 2051 magis
427 2008 560 2041 intellectualis
575 2018 634 2050 quam
649 2009 712 2042 homo.
736 2008 789 2051 Ergo
805 2011 876 2042 natura

122 2063 255 2097 intellectualis
267 2062 335 2105 recipit
346 2061 409 2104 magis
421 2065 440 2096 et
451 2062 522 2096 minus.

188 2119 203 2152 6.
215 2118 321 2156 1111111111,
333 2116 394 2150 oratio
407 2117 438 2150 vel
450 2116 514 2158 opinio
527 2119 557 2149 est
569 2116 677 2149 subiectum
689 2115 776 2149 veritatis
785 2116 815 2149 vel
823 2116 875 2149 falsi-

122 2172 172 2213 tatis,
188 2171 233 2215 quia
246 2171 311 2204 eadem
325 2180 405 2203 manens
418 2170 521 2212 aliquando
536 2172 566 2203 est
578 2179 629 2211 vera,
644 2169 748 2212 aliquando
759 2170 813 2203 falsa.
837 2170 874 2204 Sed

122 2226 184 2260 oratio
196 2226 227 2260 vel
239 2224 303 2267 opinio
316 2234 355 2258 non
367 2227 413 2258 sunt
426 2224 550 2258 substantiae.
574 2224 627 2266 Ergo
643 2223 741 2265 suscipere
756 2224 874 2257 contrarium

121 2290 160 2314 non
173 2283 203 2314 est
214 2278 324 2322 proprietas
337 2278 397 2312 solius
410 2277 535 2312 substantiae.

188 2346 221 2379 San
236 2354 298 2377 101111
309 2355 337 2376 nsi
346 2344 398 2386 quod
408 2343 539 2385 Philosophus
548 2343 568 2376 in
577 2343 703 2377 Praedicator.
712 2352 726 2376 c.
736 2344 745 2376 5
756 2343 875 2378 substantiae

122 2400 251 2442 proprietates
264 2400 364 2432 enumerat
375 2398 424 2432 istas
437 2407 477 2432 sex.

187 2466 286 2499 Rssroxnro
298 2474 377 2496 uicnrouu
389 2464 441 2506 quod
453 2465 504 2496 recte
516 2462 598 2496 traditae
610 2466 655 2495 sunt
667 2472 734 2496 omnes
745 2463 875 2506 proprietates

123 2520 247 2561 substantiae,
259 2521 278 2552 ct
289 2518 404 2561 praesertim
413 2518 489 2561 prima,
508 2527 558 2559 quae
570 2519 599 2550 est
611 2526 651 2550 riou
664 2527 703 2551 asse
715 2517 737 2551 ia
748 2518 840 2559 subiecto]
858 2518 874 2552 si

122 2576 173 2606 reete
184 2573 308 2616 intelligatur.
331 2573 380 2606 Nam
392 2582 436 2606 cum
448 2573 495 2605 haec
507 2571 532 2604 sit
543 2570 653 2613 proprietas
668 2571 754 2605 omnium
770 2573 874 2606 substanti-

122 2636 183 2669 arum,
198 2630 245 2669 puta
260 2630 300 2660 tarn
314 2626 423 2669 primarum
438 2635 497 2669 quam
513 2625 647 2667 secundarum,
662 2635 697 2668 per
711 2625 762 2659 illam
778 2627 836 2660 datur
847 2626 875 2660 in·

123 2680 183 2723 telligi
197 2681 291 2723 specialis
306 2681 377 2715 modus
393 2680 448 2723 entis,
469 2689 504 2722 per
520 2689 577 2722 quem
593 2682 669 2721 oportet
684 2679 769 2722 accipere
784 2682 874 2714 naturam
