1846 3062
310 140 417 181 QUAESTIO
429 139 452 171 IX
473 139 595 172 ARTICULUS
606 139 627 171 IV
820 129 845 164 17

91 238 170 281 respicit
188 238 290 280 proprium
307 238 462 271 tundamentum.
486 237 539 279 Ergo
557 236 655 279 quantitas
674 245 714 268 1155
731 237 761 268 551
777 235 846 268 151115-

91 295 178 325 mentum
191 291 295 325 relationis.

156 347 172 377 2.
188 346 294 383 Paternum,
307 345 348 378 sine
359 345 486 377 fundamento
498 353 537 377 non
549 346 613 384 potest
625 352 668 376 esse
680 342 753 382 relatio,
766 351 809 375 cuni
822 343 846 375 ab

91 398 123 430 illo
136 398 205 431 haheat
217 408 265 431 esse.
289 398 327 432 Sed
341 399 439 430 transacta
453 396 527 430 actione
541 399 606 429 manet
621 397 688 429 relatio
703 404 772 428 causae
784 394 809 427 ad
821 394 846 426 51·-

91 452 169 493 iectum,
181 455 202 485 ut
214 451 275 494 patris
288 452 312 485 ad
319 451 388 484 filium.
408 452 461 492 Ergo
470 450 519 483 actio
527 459 566 483 non
574 452 638 492 potest
646 459 689 483 5555
697 449 846 482 tundamentum

92 506 196 541 relationis.

158 563 173 596 3.
191 563 296 602 Primatum,
312 562 328 596 51
343 563 414 596 dautur
429 560 532 595 relationes
548 570 607 603 super
622 569 734 594 mensuram
748 559 846 601 fundatae,

92 617 176 650 maxime
192 619 237 650 sunt
253 616 331 650 scientia
346 620 364 650 et
380 616 450 656 scibile,
465 618 487 649 ut
502 616 557 649 docet
569 615 699 657 Philosophus
711 616 722 647 4
734 614 846 657 Metcphys.

93 680 108 703 c.
120 672 146 704 15.
170 670 207 704 Sed
224 670 303 705 scientia
316 670 359 713 ipsa
374 673 403 703 est
418 679 510 703 mensura
527 669 604 710 scibilis,
619 671 640 702 ut
655 669 700 702 dicit
715 668 846 710 Philosophus

92 725 227 767 9Metcphps.
244 735 258 759 c.
275 727 288 766 l,
305 725 350 767 quia
365 734 401 767 per
418 724 516 758 scientiam
534 723 597 766 inquit
614 723 687 765 aliquid
705 722 846 765 cognoscimus.

94 779 147 820 Ergo
160 778 238 812 scientia
255 782 274 811 et
292 779 357 812 scibile
369 788 408 811 uon
424 780 511 819 spectant
525 778 550 810 ad
565 777 714 810 tundamentum
729 775 813 816 tertium,
829 778 848 808 et

93 841 128 873 per
140 841 260 874 5555555555
273 842 312 866 11511
324 833 395 865 155151·
407 831 511 865 relationes
523 831 575 863 tertii
586 830 713 870 fundamenti,
726 833 744 862 et
757 829 847 862 51511155-

94 894 140 917 sura
152 894 191 917 non
202 887 267 927 potest
279 894 322 918 esse
334 885 483 918 tundamentum
496 884 600 917 relationis.

160 959 193 992 Suu
206 969 268 991 1155151
279 970 307 991 151
319 960 372 1001 5551
380 959 511 1001 Philosophus
524 958 654 1000 1115155155.
662 968 677 992 c.
687 960 707 991 15
715 957 803 999 assignat
811 956 848 989 tria

93 1012 219 1047 fundamenta
231 1013 347 1048 relationum
359 1013 567 1056 praedicamentalium
580 1012 712 1056 quantitatem
724 1011 818 1045 actionem
830 1013 848 1044 et

93 1068 210 1111 passionem,
222 1068 353 1103 mensurabile
365 1071 383 1102 et
395 1078 513 1103 5155551551.

160 1145 258 1177 1115151515
272 1155 352 1178 uranium
367 1146 420 1187 quod
435 1146 508 1187 1115155
522 1147 551 1178 551
565 1144 714 1178 fundamentum
726 1144 847 1184 relationum,

94 1208 118 1231 ex
131 1198 185 1231 cuius
197 1199 318 1232 fundamenti
330 1199 443 1232 diversitate
456 1201 560 1232 sumuntur
576 1198 612 1231 tria
629 1208 701 1241 genera
715 1198 848 1231 relativorum.

94 1252 143 1284 Nam
158 1261 202 1285 cum
217 1252 289 1293 ralatio,
307 1262 356 1294 quae
372 1255 402 1285 est
418 1252 438 1285 in
453 1253 518 1289 rebus,
536 1252 629 1285 consistat
644 1252 664 1284 15
680 1251 748 1285 ordine
763 1252 848 1293 quodam

94 1304 153 1338 unius
165 1306 193 1338 rei
205 1306 229 1338 ad
241 1306 302 1347 aliani,
318 1308 394 1347 oportet
409 1309 437 1339 tot
452 1315 495 1339 esse
507 1315 578 1348 genera
590 1305 710 1345 relationum,
725 1308 773 1347 quot
785 1304 849 1337 modis

95 1358 189 1400 contingit
200 1368 258 1392 unam
271 1368 313 1391 15111
324 1359 349 1392 51
361 1359 417 1392 aliam
429 1359 521 1392 ordinari.
541 1358 648 1392 Ordinatur
657 1361 721 1392 autem
729 1368 768 1391 1155
780 1367 812 1391 155
825 1358 849 1390 51

95 1411 151 1444 aliam
163 1413 194 1445 551
207 1412 313 1445 secundum
325 1413 377 1454 quod
390 1413 488 1454 quantitas
500 1412 558 1445 unius
571 1411 599 1445 151
611 1414 675 1454 potest
689 1411 849 1452 mensurariper

95 1464 157 1505 aliam,
173 1465 222 1499 sicut
234 1465 339 1507 aequalitas
350 1466 374 1499 fit
385 1466 435 1499 inter
448 1467 497 1500 duos
510 1465 604 1499 homines.
628 1466 652 1498 Et
665 1466 692 1499 515
704 1465 809 1507 quantitas
820 1467 850 1497 est

93 1519 185 1563 51151555
199 1520 348 1555 fundamentum
363 1519 468 1563 relationis,
486 1530 510 1554 ex
527 1529 566 1564 quo
581 1520 665 1554 sumitur
681 1519 767 1563 primum
782 1529 850 1563 genus.

99 1575 132 1609 Vel
145 1576 251 1609 secuudum
264 1575 356 1610 virtutem
371 1576 453 1610 activam
469 1578 488 1610 et
502 1575 607 1619 passivam.
623 1576 729 1610 555551515
744 1575 797 1618 quod
812 1585 850 1609 una

96 1639 128 1662 res
137 1631 161 1663 ab
170 1630 206 1663 alia
215 1630 283 1673 recipit
291 1633 324 1664 aut
332 1630 387 1664 alteri
395 1630 467 1673 aliquid
476 1631 555 1672 confert,
568 1631 617 1664 sicut
629 1630 735 1673 paternitas
748 1632 766 1663 et
777 1629 850 1667 filiatio.

96 1693 145 1725 quae
156 1684 264 1718 fundantur
276 1684 296 1718 15
308 1684 381 1718 actione
393 1688 412 1718 et
423 1685 519 1726 passione.
544 1685 568 1718 Et
583 1684 610 1718 sic
625 1685 678 1719 55115
694 1687 712 1718 51
721 1685 792 1727 passio
805 1686 851 1717 suut

95 1738 205 1770 senatuum
213 1738 367 1780 fundamentum,
375 1748 399 1771 ex
407 1748 445 1781 555
456 1739 563 1772 5555515111
569 1748 631 1780 genus
638 1738 754 1771 relationum
761 1738 850 1771 5511111111.

100 1790 133 1823 Vel
148 1791 255 1824 secundum
270 1800 318 1832 esse,
334 1794 394 1833 prout
408 1801 451 1825 esse
466 1791 525 1825 unius
537 1792 565 1824 rei
577 1792 674 1833 dependet
685 1792 709 1824 ab
722 1791 763 1824 alia.
787 1792 812 1824 Et
824 1791 851 1824 515

96 1853 192 1877 51551515
207 1844 313 1877 secundum
328 1844 493 1878 mensurationem
508 1854 551 1878 esse
567 1848 586 1878 et
601 1844 724 1886 perfectionis
740 1847 769 1877 est
783 1844 852 1877 funda-

97 1899 183 1929 mentum
196 1896 275 1930 tertium
286 1897 390 1938 relationis,
403 1907 477 1939 exque
490 1898 572 1932 habetur
584 1907 646 1940 genus
659 1898 737 1931 tertium
746 1898 851 1931 relationis.

163 1949 218 1984 circa
230 1960 279 1994 51155
291 1952 403 1993 notandum,
415 1952 468 1994 5551
480 1961 599 1994 quamquam
609 1961 620 1985 a
630 1952 723 1985 relatione
732 1951 780 1984 nihil
787 1954 859 1994 potest>

97 2005 205 2039 extrinseca
217 2005 371 2040 denominatione
384 2006 509 2048 denominari,
524 2009 545 2040 ut
560 2009 615 2050 pater
630 2006 745 2049 paternitate
757 2006 852 2041 5115151115

97 2060 197 2102 111-111515,
216 2062 249 2095 sed
267 2064 343 2095 15511115
360 2061 516 2096 denominatione
531 2061 642 2101 intrinseca,
661 2063 772 2096 causaliter
787 2065 852 2096 tamen

97 2118 161 2157 potest
173 2115 245 2158 ahquid
258 2116 388 2151 1155551155νί
400 2127 411 2151 5
422 2117 514 2151 relatione
526 2116 620 2151 existente
635 2117 655 2150 in
667 2118 733 2159 altero,
748 2117 794 2160 quia
808 2117 852 2151 talis

97 2170 164 2203 relatio
177 2173 206 2203 est
219 2170 479 2204 551115155515515155111551
494 2174 512 2204 et
527 2181 590 2210 causa,
608 2180 642 2205 cur
657 2171 764 2205 intellectus
780 2172 800 2204 iu
815 2171 852 2204 alio

97 2226 184 2256 extremo
199 2223 316 2266 cointelligat
330 2224 443 2258 relationem
458 2225 519 2266 aliam,
535 2234 571 2266 per
586 2235 645 2267 quam
660 2225 754 2266 concipiat
768 2225 816 2258 illud
830 2228 852 2258 ut

98 2277 335 2318 correlativumalterius.
359 2278 390 2311 Sic
405 2279 457 2311 Deus
472 2278 574 2311 causaliter
590 2281 609 2311 et
624 2278 701 2312 realiter
716 2279 853 2312 denominatur

98 2329 193 2363 Dominus
205 2333 339 2364 creaturarum
351 2341 362 2364 a
373 2331 500 2365 relationibus
512 2331 532 2363 in
542 2331 580 2364 illis
596 2332 730 2373 existentibus,
744 2332 852 2365 formaliter

98 2392 145 2416 vero
157 2393 168 2416 a
180 2383 272 2417 relatione
284 2384 365 2418 rationis
378 2385 495 2418 cointellecta
506 2385 526 2417 iu
537 2384 581 2426 ipso
594 2385 634 2418 Deo
646 2385 670 2418 ad
683 2389 787 2419 creaturus.

163 2448 189 2481 115
204 2458 266 2480 runnu
280 2459 323 2481 racc
337 2459 417 2482 uroruuuu
432 2450 485 2492 quod
500 2450 603 2493 quantitas,
619 2453 715 2493 quatenus
732 2453 795 2492 potest
810 2459 853 2484 esse

98 2512 191 2538 mensura
202 2503 283 2538 alicuius
295 2504 403 2548 exterioris,
418 2507 482 2548 potest
496 2514 539 2539 esse
553 2504 579 2548 id,
594 2514 629 2548 per
644 2505 696 2548 quod
709 2515 747 2539 uua
759 2514 791 2540 res
803 2505 854 2540 ordi-

98 2561 156 2592 natur
168 2559 192 2592 ad
204 2558 267 2593 aliam.

164 2609 190 2647 Aa
202 2624 283 2646 saouunuu
294 2625 374 2648 5155151111
385 2615 438 2657 5551
450 2614 552 2649 relationes
563 2615 655 2649 fundatae
667 2616 687 2648 in
698 2616 806 2651 actionibus
814 2627 854 2651 non

98 2667 226 2701 innascuntur
234 2678 259 2702 ex
267 2668 305 2702 illis
314 2669 421 2703 secundum
430 2669 482 2712 quod
491 2671 536 2703 sunt
544 2668 564 2702 in
572 2671 621 2712 actu,
632 2669 666 2703 551
674 2670 737 2713 magis
747 2672 854 2705 secundum
