1846 3062
280 143 387 185 culusum
398 144 420 176 iv
443 144 565 177 ,curremus
575 144 583 176 1
784 133 809 171 33

56 241 156 284 principiis
170 241 244 284 speciei.
267 241 363 282 Secundo,
377 241 423 283 quia
434 238 549 275 accidentale
561 241 694 283 praedicatum
706 250 745 274 non
756 250 811 282 prae·

57 296 131 329 dicatur
143 305 178 338 per
188 304 214 336 se,
227 295 261 328 sed
270 305 306 338 per
315 294 408 329 accidens.
428 296 533 338 Proprium
541 298 606 329 autem
614 305 649 338 per
659 304 679 328 se
687 294 811 337 praedicatur

56 350 80 383 de
93 349 185 383 subiecto,
206 349 231 382 Et
243 349 271 382 sic
282 352 340 392 patet,
353 349 405 391 quod
417 359 456 383 non
469 359 525 383 omne
538 350 625 383 accidens
638 351 668 383 θεῖ
679 348 788 392 proprium.

121 415 148 447 An
160 424 267 446 incnnmrun
278 425 320 446 rneo
332 425 411 446 urrunnun
423 415 476 457 quod
488 413 582 457 principia
595 414 675 449 subiecti
688 417 734 448 sunt
745 424 780 457 per
790 423 810 447 se

57 468 152 510 principia
166 468 275 502 accidentis.
298 470 369 502 Verum
390 468 439 502 sicut
454 468 549 510 principia
564 469 645 503 subiecti
660 472 706 502 sunt
722 469 810 511 duplicia,

57 532 102 555 nam
115 523 210 565 quaedam
219 525 265 555 sunt
273 522 367 565 principia
377 522 451 564 specieiy
463 523 558 565 quaedam
567 523 668 560 individui,
680 523 707 556 ita
716 523 811 566 drcplicia

58 579 104 609 sunt
116 572 225 609 accidentia.
246 577 295 609 Nam
306 576 351 609 alia
362 579 508 618 consequuntur
520 576 614 618 principia
627 576 701 619 speciei,
713 580 761 619 puta
772 587 811 610 ma-

57 629 126 663 teriam
135 632 153 663 et
161 630 245 663 formam
253 629 273 662 in
282 629 384 671 communi,
397 632 416 663 et
424 630 515 664 dicuntur
523 630 608 672 propria,
620 634 639 664 et
648 630 688 663 sine
697 630 728 664 his
737 631 811 672 species

58 692 101 716 esse
116 693 155 717 non
169 686 239 726 potest,
254 685 275 716 ut
287 684 360 717 dictum
375 685 410 716 est.
432 683 482 717 Alte
494 693 541 716 vero
556 686 702 727 consequuntur
716 684 811 726 principia

49 736 159 777 individui,
177 738 224 778 puta
240 736 341 770 materiam
358 736 464 779 signatam:
481 746 565 779 quornm
581 738 681 779 quaedam
696 738 812 778 separabilia

59 792 127 823 sunta
140 790 231 831 subiecto,
246 800 296 832 quae
312 800 337 824 sc.
352 800 391 823 non
403 791 475 824 habent
487 800 565 824 causam
577 793 723 833 permanentem
735 790 756 824 in
769 792 813 825 sub-

59 843 112 886 iectc7
127 846 149 877 ut
164 844 231 878 sedere
246 846 264 877 et
280 845 384 886 ambulare,
401 844 502 888 qrruectunc
517 844 659 887 inseparabilia,
676 854 726 887 quae
740 845 813 878 habent

58 908 137 932 causam
149 901 300 942 permanentem
315 902 337 933 ut
351 899 480 933 masculinum
495 902 514 934 et
527 899 643 934 terniuinum
658 902 677 933 et
689 899 725 933 alia
738 899 812 933 similia.

60 953 97 987 Sed
115 957 206 988 neutrum
224 954 294 987 horum
311 956 340 988 est
354 954 462 997 proprium.
487 955 536 989 Sunt
553 954 604 988 enim
623 956 678 989 extra
694 954 812 988 intellectum

60 1008 134 1050 speciei,
150 1011 168 1042 et
183 1008 256 1051 species
271 1011 335 1051 potest
349 1008 431 1052 intelligi
446 1009 487 1043 sine
502 1009 632 1043 accidentibus
647 1008 743 1043 individui
755 1009 813 1043 etiam

59 1062 232 1105 inseparabilibus5
242 1063 282 1097 sine
293 1063 434 1106 separabilibus
443 1074 490 1098 vero
497 1073 540 1097 esse
546 1066 611 1106 potest
617 1074 656 1098 non
663 1063 727 1097 solum
734 1063 813 1106 species,

61 1117 95 1150 sed
107 1116 164 1150 etiam
176 1116 304 1151 individuum.

421 1257 453 1289 o

282 1405 441 1451 Qunusulo
458 1406 594 1452 QUARTA

265 1517 298 1554 DE
311 1517 609 1552 ANTEPRAEDIOAMENTIS

303 1625 320 1644 ΙΝ
332 1624 407 1649 QUAuuon
418 1625 506 1646 nnmcuuns
517 1624 573 1645 DIiISA

64 1689 170 1753 &annu
185 1710 348 1744 considerandum
363 1713 393 1743 est
407 1711 431 1744 de
445 1710 612 1752 praedicamentis.
636 1710 679 1744 Erit
694 1713 758 1744 autem
770 1712 817 1745 haec

63 1715 123 1836 Q
135 1763 264 1797 consideratio
272 1764 374 1806 tripartita.
394 1765 443 1797 Nam
451 1765 520 1806 primo
529 1764 696 1798 considerabimus
705 1765 729 1797 de
737 1765 817 1807 quibus-

135 1817 179 1850 dam
187 1817 294 1858 suppositis
302 1818 327 1850 ad
333 1817 535 1859 praedicamentorum
543 1818 671 1860 cognitionem
685 1827 719 1850 seu
730 1818 753 1851 de
766 1821 817 1851 ante·

63 1869 234 1913 praedicamentis;
246 1872 333 1905 secrcrrdo
345 1871 425 1913 deipsis
434 1871 594 1913 praedicamentis
599 1882 603 1911 ς
617 1871 676 1905 tertio
685 1871 709 1904 de
718 1871 816 1905 nonnullis

63 1924 227 1967 consequentibus
239 1924 264 1957 ad
275 1925 430 1966 praedicamenta
443 1934 477 1958 seu
489 1926 512 1958 de
524 1924 736 1966 postpraedicamentis.

131 1978 186 2013 Circa
198 1978 284 2020 primum
296 1981 417 2021 quaeruntur
429 1981 518 2021 quatuor.
729 1973 731 1977 ’

163 2032 238 2066 Primo:
251 2032 275 2066 de
286 2032 380 2067 univocis.

164 2087 261 2121 Secundo:
274 2087 297 2121 de
309 2087 425 2131 aequivocis.

164 2141 238 2176 Tertio:
251 2142 274 2176 de
287 2142 379 2186 analogis.

164 2197 247 2236 Quarto:
260 2198 284 2231 de
296 2198 380 2240 quadum
392 2198 460 2240 regula
472 2196 690 2239 antepraedicamentali.

336 2327 458 2361 ARTICULUS
469 2327 549 2360 PRIMUS

257 2426 318 2454 urium
332 2426 391 2455 REGTE
405 2426 533 2454 nuuiumurun
548 2426 628 2454 univoca

97 2522 107 2543 n
119 2522 180 2544 rumen
191 2522 215 2544 sic
223 2522 328 2545 moerorum.
347 2512 428 2545 Videtur
437 2512 489 2554 quod
498 2520 536 2544 non
545 2513 596 2544 recte
605 2510 722 2544 definiantur
731 2511 819 2552 univoca,

68 2523 95 2595 Α
109 2575 193 2608 quorum
208 2576 279 2600 nomen
294 2569 323 2600 est
338 2576 440 2601 commune
452 2569 470 2599 et
483 2565 602 2599 substantiae
614 2565 663 2598 ratio
675 2565 748 2599 eadem.
771 2566 820 2600 Nam

67 2628 124 2653 omne
136 2620 240 2654 univocum
253 2623 283 2654 est
294 2630 355 2655 unum
367 2630 391 2654 ex
403 2620 488 2663 quinque
498 2618 647 2653 universalibus.
668 2618 706 2653 Sed
717 2619 768 2653 inter
780 2619 821 2653 uni-

68 2674 151 2707 versalia
163 2674 251 2708 accidens
263 2685 303 2708 non
315 2675 385 2709 dicitur
397 2675 421 2708 de
433 2674 522 2716 pluribus
535 2672 626 2707 subiectis
640 2674 746 2707 secundum
759 2684 821 2708 unum

100 2738 187 2770 Englert,
196 2728 246 2764 Prima
255 2739 291 2765 Pars
300 2740 355 2765 Surum.
365 2738 420 2769 Philus,
430 2738 444 2764 S.
453 2737 504 2762 Tliom.
513 2736 541 2767 aq.
745 2730 755 2762 3
