1846 3062
137 124 176 161 illl
337 131 446 171 Quaestio
457 132 525 164 rervm
547 131 669 164 ARTlCULUS
680 132 688 163 Ι

135 239 215 264 necesse
226 232 256 263 est
268 229 396 271 practicarum
410 228 533 262 scientiarum
545 228 646 262 materiam
658 238 701 262 esse
714 237 746 262 res
757 228 805 269 illas,
817 237 889 271 quasa

136 287 204 317 nostro
217 292 275 325 opere
286 282 330 316 fieri
342 285 431 325 possunt,
446 285 468 316 ut
482 292 549 316 earum
562 282 645 325 cognitio
657 281 677 315 in
689 282 821 324 operationem
833 282 889 324 quasi

136 338 155 370 in
167 337 226 371 finem
240 336 326 370 ordinari
338 336 406 378 possit,
422 336 585 378 speculativarum
600 345 648 369 vero
660 336 784 369 scientiarum
796 345 840 369 esse
851 345 889 376 resy

136 401 185 433 quae
194 401 204 423 a
213 393 281 424 nostro
291 399 349 431 opere
358 400 397 423 uon
405 389 461 431 fiunt,
473 399 557 432 quarum
565 389 647 432 proinde
657 388 785 423 consideratio
794 388 814 422 in
823 398 890 432 opera-

136 446 208 478 tionem
227 444 313 478 ordinari
329 453 368 476 11011
384 446 449 485 potest
463 443 513 477 sicut
527 444 547 477 in
564 443 629 477 tinem.
654 443 679 477 Et
695 443 802 477 secundum
819 444 889 477 harum

136 509 202 532 rerum
210 497 351 531 distinctionem
359 499 435 540 oportet
443 497 532 531 scientias
540 497 668 539 speculativas
673 497 772 540 distingui.
786 496 889 531 Sciendum

136 556 206 594 tamen,
216 552 268 594 quod
278 552 355 594 quando
364 551 442 585 habitus
449 552 480 584 rel
486 551 583 593 potentiae
589 561 649 593 penes
656 552 729 584 obiecta
736 551 889 592 distinguuntury

136 616 175 639 uon
188 606 335 648 distinguuntur
346 614 406 647 penes
415 604 512 647 quaslibet
520 605 641 639 differentias
650 605 774 646 obiectorum,
787 605 822 638 sed
829 614 889 647 penes

136 660 184 701 illas,
197 669 246 702 quae
259 662 305 693 sunt
314 669 352 701 per
363 669 383 692 se
395 659 520 701 obiectorum,
532 659 647 701 inquantum
660 659 733 693 obieeta
743 661 793 693 sunt.
814 659 838 692 Et
846 659 889 692 ideo

137 716 214 756 oportet
226 713 315 747 scientias
328 713 457 755 speculativas
470 713 531 746 dividi
540 723 578 756 per
591 713 717 747 differentias
725 713 888 755 specillebiliem,

136 768 252 809 inquantum
262 765 386 807 speculabilia
396 770 446 800 sunt.
467 766 582 808 Speculabili
594 769 663 807 auteur,
677 767 783 800 secuudum
795 766 848 808 quod
860 768 890 799 est

137 821 233 854 obiectum
246 820 375 863 speculativae
387 820 482 862 scientiae,
497 821 587 854 convenit
601 820 674 862 aliquid
689 830 712 853 ex
726 823 782 862 parte
793 820 890 862 potentiae

136 875 263 908 intellectivae
275 877 294 907 et
305 874 378 917 aliquid
390 884 414 907 ex
426 877 481 916 parte
489 874 568 908 habitus
578 874 672 916 scientiae,
685 884 723 916 qua
731 874 839 907 intellectus
848 882 890 915 per·

136 928 207 962 ficitur
224 929 254 961 Ex
261 931 316 970 parte
326 928 397 970 suippe
407 928 514 961 intellectus
524 928 613 961 convenit
621 927 643 969 ei,
652 928 704 970 quod
713 928 738 961 sit
747 927 888 969 irrorantiam,

137 981 182 1023 quia
198 985 217 1015 et
231 981 273 1023 ipse
290 981 397 1014 intellectus
414 983 443 1014 est
460 981 599 1014 imumterialis
623 981 652 1014 Ex
666 983 722 1023 parte
738 990 785 1014 vero
800 981 890 1014 scientiae

137 1035 228 1077 competit
240 1035 262 1076 ei,
277 1035 330 1077 quod
346 1034 372 1068 sit
386 1035 524 1077 rreeesserium,
541 1034 587 1077 quia
602 1034 681 1068 scientia
692 1037 723 1068 est
734 1035 757 1068 de
769 1034 889 1075 necessariis¹

137 1092 158 1121 nt
170 1091 222 1130 patet
234 1091 242 1121 1
252 1088 325 1122 Foster.
346 1089 408 1122 Omne
420 1092 483 1121 autem
496 1088 633 1129 necessarium
645 1088 760 1131 inquantum
772 1087 889 1128 huiusmodi,

137 1146 166 1175 est
184 1142 292 1184 inerrrobiles
311 1142 357 1183 quia
374 1151 435 1182 011111θ,
453 1142 506 1183 quod
523 1144 619 1183 movetur,
638 1142 755 1184 inquantum
773 1141 890 1179 huiusmodi,

137 1196 229 1237 possibile
242 1198 271 1228 est
283 1204 326 1228 esse
338 1198 357 1228 et
368 1205 407 1228 non
419 1205 467 1237 esse,
480 1196 511 1228 rel
520 1195 633 1237 simpliciter
645 1195 676 1228 vel
688 1195 794 1228 secundnm
804 1195 856 1237 quid,
868 1198 890 1228 ut

137 1248 207 1282 dicitur
217 1249 345 1291 diletopleps.
363 1249 394 1283 Sic
401 1248 461 1291 igitur
471 1248 587 1291 speculabili,
596 1248 649 1292 quod
657 1252 687 1282 est
695 1249 791 1283 obiectum
801 1248 890 1282 scientiae

138 1303 271 1345 speculativae,
284 1312 319 1344 per
332 1312 352 1336 se
364 1303 456 1345 competit
468 1302 564 1345 separatio
576 1312 587 1336 a
599 1303 680 1336 materia
691 1305 710 1336 et
722 1305 777 1337 motu
789 1303 819 1337 vel
831 1302 891 1345 appli-

137 1357 186 1391 catio
198 1358 222 1391 ad
234 1367 260 1391 ea.
285 1357 309 1390 Et
323 1358 367 1391 ideo
382 1357 491 1392 secundum
507 1357 598 1391 ordinem
613 1358 730 1391 remotionis
745 1368 759 1391 e
770 1357 858 1391 trieterica
873 1360 890 1390 et

137 1415 193 1445 motu
205 1412 294 1445 scientiae
307 1411 436 1453 speculativae
448 1411 601 1454 distinguuntur.

204 1465 241 1499 Sed
254 1466 327 1509 triplae
338 1468 413 1500 tantum
426 1469 456 1499 est
467 1465 511 1499 talis
523 1466 571 1499 ordo
587 1475 654 1499 rerum
667 1465 818 1508 speculabilium.
842 1467 890 1500 Nam

138 1520 238 1562 quaedem
256 1520 365 1563 dependent
380 1529 391 1553 a
407 1519 487 1554 rnateria
505 1520 614 1554 secundent
632 1530 671 1554 esse
689 1522 707 1554 et
724 1520 852 1563 intellectum,
870 1521 891 1554 in

138 1584 223 1616 quorum
236 1585 260 1609 sc.
273 1574 385 1608 definitione
397 1575 476 1617 ponitur
491 1575 571 1608 materia
587 1574 690 1617 sensibilis,
706 1577 728 1609 ut
743 1575 763 1608 iu
779 1575 891 1609 definitione

138 1628 222 1663 hominis
234 1632 311 1671 oportet
322 1629 407 1672 accipere
419 1639 496 1663 carnem
509 1632 527 1662 et
536 1639 586 1663 ossa.
607 1630 631 1663 Et
643 1630 666 1663 de
678 1629 709 1663 his
717 1632 747 1663 est
755 1630 842 1671 Physica
850 1629 891 1663 sire

138 1683 224 1717 scientie
236 1683 346 1718 irritaretis.
371 1684 476 1724 (discredunt
488 1694 535 1717 vero
547 1684 656 1726 dependent
668 1693 678 1717 a
690 1683 771 1717 materia
782 1684 891 1718 secuudum

139 1747 182 1780 esse,
192 1737 237 1779 quia
245 1738 264 1771 in
274 1738 305 1771 illa
315 1748 392 1780 semper
398 1738 529 1780 inveniuntur,
538 1740 647 1772 nontamen
655 1738 761 1772 secundum
768 1737 890 1776 intellectum,

138 1792 183 1834 quia
195 1792 214 1825 in
227 1802 294 1826 eorum
307 1792 418 1826 definitione
430 1802 469 1825 nou
481 1792 560 1834 ponitur
575 1792 656 1825 materia
671 1792 774 1833 sensibilis,
789 1795 811 1826 ut
825 1791 846 1825 iu
860 1792 892 1826 de·

137 1846 225 1879 finitione
236 1846 297 1879 lineae
310 1849 328 1879 et
339 1845 421 1879 numeri.
445 1846 472 1879 De
484 1846 556 1888 quibus
568 1849 598 1879 est
609 1845 760 1880 llatlrerrzetice.
786 1846 891 1886 erciedern

138 1899 221 1942 denique
234 1910 275 1934 uon
287 1900 396 1942 dependent
408 1909 419 1933 a
432 1900 511 1933 materia
524 1900 630 1934 seeundum
643 1909 691 1941 esse,
704 1900 750 1942 quia
758 1900 799 1934 sine
807 1900 839 1934 illa
848 1910 891 1934 esse

138 1958 230 1996 possunt:
248 1954 289 1989 sive
303 1964 403 1997 nunquam
419 1954 457 1987 sint
469 1954 489 1987 in
501 1954 586 1995 materia,
602 1957 623 1988 ut
636 1955 688 1988 Deus
700 1957 719 1987 θῖ
730 1955 803 1998 Angeli
819 1955 892 1989 sivein

138 2008 256 2051 quibusdam
268 2009 315 2042 insit
326 2009 412 2050 materia,
424 2009 444 2042 in
456 2009 574 2051 quibusdam
586 2018 630 2051 non,
642 2011 664 2042 ut
676 2008 790 2050 substantia,
801 2009 891 2052 qiialitas

138 2063 223 2104 potentia
236 2066 254 2096 et
266 2066 325 2104 actm,
338 2073 397 2097 uuum
410 2067 429 2096 et
441 2064 501 2097 multa
513 2066 532 2097 et
544 2063 660 2097 huiusmodi.
680 2064 708 2096 De
720 2063 791 2106 quibus
800 2064 891 2098 omnibus

138 2120 168 2150 est
180 2118 289 2160 Tlieologia,
301 2117 312 2151 i.
321 2127 335 2150 e.
348 2117 414 2151 divina
426 2118 510 2158 scientia,
522 2117 568 2160 quia
575 2117 701 2160 praecipuum
711 2118 833 2160 cognitorum
841 2118 861 2151 in
870 2128 892 2151 ea

138 2174 168 2204 est
180 2172 237 2205 Deus.
256 2171 298 2204 Alio
310 2171 388 2205 nomine
400 2171 471 2205 dicitur
483 2172 628 2214 Meteplrpsieo,
642 2171 653 2204 1.
666 2182 681 2205 θ.
692 2172 834 2214 uansphysiea,
846 2172 892 2214 quia

138 2228 183 2268 post
195 2226 298 2268 Pliysicam
310 2226 401 2259 discenda
413 2226 497 2260 occurrit
509 2226 570 2268 nobis,
585 2226 657 2268 quibus
670 2235 693 2259 ex
706 2226 830 2260 sensibilibus
842 2236 892 2259 com-

138 2280 186 2322 petit
201 2280 221 2313 in
236 2280 356 2314 insensibilia
373 2280 469 2315 devenire.
492 2282 559 2324 Neque
574 2284 604 2314 est
620 2280 720 2322 possibilis
738 2283 820 2322 quartus
838 2281 891 2322 ordo,

138 2335 191 2377 quod
204 2344 229 2368 sc.
242 2335 280 2368 sint
292 2335 367 2377 aliquae
379 2345 416 2377 res,
431 2345 480 2378 quae
496 2335 603 2369 secundum
618 2334 735 2368 intellectum
749 2335 869 2377 dependeant
881 2345 892 2369 a

138 2389 219 2423 rriateria
230 2393 249 2423 et
261 2399 299 2422 nou
312 2390 419 2423 seeundum
431 2399 479 2432 esse,
495 2389 541 2432 quia
552 2390 666 2431 intellectus,
682 2393 775 2432 quantum
788 2393 818 2424 θεῖ
830 2391 853 2424 de
866 2400 891 2432 se,

138 2443 271 2477 immaterialis
286 2447 320 2477 est.
345 2444 369 2478 Et
384 2444 427 2478 ideo
443 2454 481 2478 non
497 2447 543 2478 suut
557 2444 595 2477 nisi
612 2447 652 2477 tres
670 2448 735 2486 partes
754 2445 843 2478 scientiae
861 2445 892 2478 rel

138 2497 274 2540 Philosophiae
286 2498 424 2540 speculativae:
438 2498 526 2540 Physica,
539 2498 673 2532 llatliematica
685 2501 704 2532 θῖ
716 2499 853 2541 lletaphysica.

203 2565 229 2596 nn
244 2573 305 2595 rammi
320 2573 363 2595 11100
378 2574 457 2595 uicesimi
471 2564 524 2606 quod
540 2564 600 2597 verba
614 2563 646 2597 illa
661 2564 706 2598 solo
724 2565 772 2599 lteec
790 2564 892 2607 dupliciter

138 2620 222 2658 possunt
233 2616 323 2660 intelligi:
336 2627 377 2651 erno
389 2618 452 2657 modo,
465 2620 487 2650 ut
498 2618 633 2651 demonstrent
644 2618 667 2651 iri
678 2628 749 2660 periere
760 2618 892 2652 scientiarum

138 2680 214 2704 omnem
228 2670 326 2704 scientiam
340 2671 483 2713 speculativam.
505 2672 529 2704 Et
538 2674 584 2704 tunc
592 2681 660 2705 verum
669 2674 703 2713 est,
716 2672 769 2714 quod
781 2673 844 2706 solum
857 2672 893 2714 lioc
