1846 3062
393 213 516 247 calamitas
765 201 835 238 XLIII

79 318 192 357 observari
207 317 312 361 volumus,
326 315 357 351 ita
372 318 445 350 tamen
457 317 481 349 ut
490 313 571 350 sanetis
587 312 706 357 coelitibus,
722 321 776 359 quos
790 309 834 347 iam

79 372 207 410 Academiae
217 373 254 407 aut
262 370 333 418 Lycea
343 368 384 405 sibi
393 367 452 404 forte
461 370 565 415 patronos
574 367 697 414 singulares
707 364 834 412 delegerint,

79 437 130 465 suus
147 426 215 462 honos
236 434 331 471 suusque
351 422 433 470 gradus
454 421 518 458 etiarn
536 422 559 458 in
576 424 688 469 posterum
705 429 834 468 permanere

79 479 220 527 intelligatur.

144 555 223 591 Datum
241 554 321 590 Romae
339 552 398 600 apud
415 550 434 589 S.
449 551 538 588 Petrum
556 551 596 587 sub
615 551 701 587 Annulo
716 548 835 588 Piscatoris

178 608 212 645 die
226 609 240 645 4
255 606 347 654 Augusti
364 605 422 650 1880,
440 604 584 642 Pontificatus
598 605 672 642 Nostri
692 615 748 641 anno
763 603 834 641 tertio.

513 713 557 750 TH.
572 713 633 750 Orno.
648 712 768 750 MERTEL.

282 959 388 1001 onartjo
400 960 502 991 sanent
514 960 633 991 afleitan

106 1036 149 1063 Quam
160 1035 263 1064 ritcotca'run
274 1035 345 1064 nicandr,
357 1035 443 1062 narrabant
454 1034 536 1063 DICTARET,
549 1034 640 1060 scaincurt,
651 1034 683 1055 AUT
695 1033 810 1061 Phaenicanur,

170 1078 223 1100 PROl‘l'
235 1078 302 1100 tatiana
313 1077 329 1099 ia*
340 1077 391 1099 LIBRIS
401 1076 488 1099 LlTUllGIGIS
501 1076 563 1099 caninis
575 1077 599 1098 FP.
612 1076 746 1098 Pnaaolcaronuu

110 1154 186 1182 aaaron
206 1144 330 1190 ineffabilis,
351 1144 388 1191 qui
409 1145 435 1180 de
455 1143 563 1180 thesauris
584 1143 703 1190 sapientiae
721 1148 771 1181 tuae
792 1149 837 1181 tres

124 1198 257 1245 Angelorum
274 1197 409 1235 hierarchias
427 1197 551 1244 designasti,
571 1201 592 1233 et
612 1208 648 1234 eas
668 1208 733 1245 super
754 1198 837 1235 coelum

82 1262 208 1299 empyreum
223 1252 278 1288 miro
293 1251 369 1288 ordine
385 1250 500 1296 collocasti,
516 1254 581 1297 atque
595 1250 692 1287 universi
707 1255 781 1298 partes
796 1251 837 1288 ele-

82 1305 208 1353 gantissime
223 1304 354 1352 disposuisti,
369 1305 401 1341 Tu
416 1305 510 1351 inquam,
526 1304 563 1351 qui
578 1315 643 1340 verus
655 1304 704 1341 fons
713 1304 801 1341 luminis
816 1308 837 1341 et

82 1358 201 1406 sapientiae
223 1358 302 1395 diceris
324 1368 348 1394 ac
370 1357 533 1405 supereminens
555 1357 697 1404 principium:
721 1357 838 1395 infundere

83 1411 179 1460 digneris
194 1422 259 1460 super
274 1411 397 1449 intellectus
406 1412 448 1448 mei
457 1411 559 1449 tenebras
568 1414 620 1448 tuae
628 1411 716 1448 radium
726 1412 836 1458 claritatis,

84 1466 180 1514 duplices
194 1466 217 1503 in
233 1465 312 1514 quibus
326 1469 390 1503 natus
405 1476 457 1512 sum,
473 1477 485 1502 a
497 1476 531 1503 me
540 1476 653 1503 removeas
668 1466 775 1512 tenebras,
790 1478 837 1514 pec-

84 1526 155 1557 eatum
170 1520 252 1557 seilicet
267 1523 288 1557 et
297 1519 450 1568 ignorantiam.
474 1520 506 1556 Tu
515 1519 558 1567 quii.
562 1519 648 1567 linguas
657 1519 775 1557 infantium
783 1519 838 1557 facis

83 1574 181 1622 disertas,
196 1573 294 1623 linguam
307 1585 377 1612 meam
388 1573 481 1621 erudias,
497 1576 562 1621 atque
574 1573 597 1610 in
608 1573 672 1612 labiis
681 1574 735 1612 meis
744 1575 839 1623 gratiam

83 1633 133 1667 tuae
155 1629 313 1667 benedictionis
333 1628 429 1667 infunde.
458 1628 490 1666 Da
510 1628 563 1665 mihi
584 1628 721 1677 intelligendi
743 1641 839 1676 achaten,

82 1683 191 1721 retinendi
201 1684 348 1732 capacitatem,
365 1683 490 1722 addiscendi
502 1683 591 1721 modum
599 1686 620 1721 et
629 1683 761 1731 facultatem,
773 1684 839 1722 inter-

84 1738 185 1787 pretandi
200 1738 348 1785 subtilitatem,
363 1738 467 1787 loquendi
481 1738 576 1786 gratiam
587 1738 700 1786 copiosam,
716 1738 839 1787 ingressum

83 1793 185 1839 instruas,
200 1804 340 1841 progressum
356 1793 443 1841 dirigas,
459 1803 570 1841 egressum
586 1793 698 1841 compleas.
723 1794 755 1830 Tu
768 1793 839 1842 quies

84 1858 149 1885 verus
163 1848 221 1885 Deus
236 1851 257 1885 et
272 1847 345 1885 homo:
365 1846 406 1891 Qui
424 1847 480 1885 vivis
498 1850 519 1885 et
533 1858 613 1896 regnas
628 1847 751 1885 insaecula
767 1859 839 1885 saecu-

83 1901 159 1939 lorum.
188 1902 261 1940 Amen.

148 1965 212 2006 lndulg.
224 1968 256 1998 200
269 1966 309 1997 dier.
321 1966 374 1998 semel
385 1965 401 1996 in
414 1965 445 1998 die.
469 1965 511 1998 LEO
522 1965 554 1997 PP.
566 1966 609 1997 Xlll.
621 1969 647 1998 21.
659 1966 708 1999 Febr.
721 1969 769 1999 1880.

265 2107 468 2138 CONSECRATIO
481 2107 658 2138 saumonem

195 2182 210 2204 lh*
221 2182 300 2204 BONOREM
311 2182 422 2204 lnttscutaraa
434 2181 544 2204 GONGEPTIONIS
557 2182 572 2203 B.
584 2182 645 2204 alaman
656 2182 725 2204 turonas

86 2247 140 2341 Sua
154 2249 277 2297 patrocinio
292 2252 335 2296 tuo,
350 2249 419 2287 Mater
435 2249 579 2296 dilectissima,
595 2252 616 2287 et
628 2249 730 2287 invocato
739 2250 840 2287 immacu-

128 2303 186 2341 latae
201 2302 353 2351 Conceptionis
367 2307 418 2341 tuae
432 2304 542 2352 mysterio,
561 2303 634 2341 studia
649 2314 696 2341 mea
710 2303 840 2352 laboresque

73 2357 205 2396 ,litterarios
219 2358 322 2405 prosequi
337 2358 397 2394 volo:
414 2357 493 2405 quibus
507 2368 541 2394 me
556 2360 665 2406 protestor
680 2358 738 2394 hunc
747 2359 840 2396 maxime

86 2411 112 2448 ob
126 2411 194 2448 iinenr
208 2411 339 2458 incumbere,
357 2416 381 2448 nt
399 2411 475 2448 melius
494 2411 568 2448 divino
583 2411 661 2448 honori
676 2416 757 2460 tuoque
772 2413 840 2449 cultui

85 2465 228 2513 propagando
245 2465 369 2502 inserviam.
398 2465 442 2502 Oro
462 2469 484 2503 te
503 2465 577 2513 igino,
598 2466 667 2502 Mater
686 2466 840 2512 aniantissima,

85 2520 146 2557 sedes
161 2519 286 2567 sapientiae,
300 2523 325 2556 ut
339 2519 452 2557 laboribus
464 2520 517 2556 meis
529 2519 622 2567 benigne
631 2519 716 2556 faveas:
732 2531 773 2567 ego
782 2532 841 2566 vero,

86 2574 144 2620 quod
153 2573 235 2609 iustum
244 2576 281 2620 est,
296 2573 332 2621 pic
340 2573 478 2621 libenterque
487 2573 597 2620 promitto,
610 2573 718 2620 quidquid
726 2573 779 2610 boni
788 2574 841 2611 inihi

85 2626 136 2664 inde
150 2627 284 2674 successerit,
299 2627 370 2664 idme
385 2630 435 2663 tuae
451 2628 509 2675 apud
523 2627 592 2663 Deum
606 2626 756 2664 intercessioni
772 2631 842 2665 totum

86 2684 199 2728 acceptum
212 2680 339 2717 relaturum.
368 2681 441 2718 Amen.

150 2744 215 2783 ludulg.
227 2746 259 2776 300
271 2743 311 2776 dier.
324 2744 377 2776 semel
388 2743 405 2776 in
418 2744 449 2776 die.
472 2742 514 2775 tao
527 2742 558 2775 PP.
571 2743 613 2775 Xlll.
626 2746 652 2775 la.
664 2743 705 2776 Nor.
718 2747 765 2776 lasa

746 2799 777 2830 ll'*
