1846 3062
104 684 388 735 LITTERAE
405 683 784 733 APOSTOLIOAE

330 804 353 830 IN
369 804 455 830 FORMA
471 804 559 830 BREVIS

214 891 241 922 DE
253 890 338 922 SANGTO
350 889 427 922 THOMA
439 890 565 923 STUDIORUM
576 888 681 923 PATRONO

442 1048 452 1091 I

226 1135 353 1177 STATUS
370 1136 432 1177 REI
449 1135 667 1177 PROPOSI'I'AE

321 1241 335 1270 1.
347 1247 414 1269 saucrus
425 1247 490 1270 raonis
501 1248 569 1276 scurras

268 1290 324 1313 numu
335 1290 418 1313 rauracius
429 1291 516 1314 imminuti
527 1291 622 1314 scaonaauu

71 1350 101 1390 (⁶
124 1357 152 1385 uu
170 1346 210 1384 hcc
228 1347 255 1384 sit
273 1350 294 1384 et
312 1350 390 1385 natura
407 1347 497 1384 insitum
517 1351 538 1385 ct
557 1348 583 1384 ab
601 1347 698 1384 Ecclesia
717 1347 823 1384 catholica

70 1338 124 1478 »ᾗ
139 1400 309 1449 comprobatum,
328 1404 353 1437 ut
371 1413 383 1438 a
403 1402 458 1438 viris
478 1402 593 1438 sanctitate
613 1401 732 1449 praeclaris
751 1405 823 1449 patro-

139 1455 225 1503 cinium,
243 1455 269 1492 ab
288 1455 443 1493 excellentibus
461 1460 532 1493 autem
550 1455 696 1504 perfectisque
713 1455 736 1492 in
751 1455 823 1504 aliquo

71 1521 150 1559 genere
167 1510 266 1558 exempla
286 1510 314 1548 ad
330 1510 460 1548 imitandum
479 1511 576 1548 homines
595 1511 721 1559 exquirant3
742 1510 824 1548 idcirco

71 1565 164 1603 Ordines
178 1564 276 1614 religiosi
285 1575 329 1602 non
337 1566 406 1614 pauci,
421 1565 498 1614 Lycea,
513 1565 592 1603 Coetus
601 1565 754 1612 litteratorum,
770 1565 824 1614 Apo-

71 1620 147 1658 stolica
161 1620 212 1658 sede
227 1620 367 1669 approbante,
382 1620 464 1657 iamdiu
478 1620 607 1669 magistrum
620 1631 645 1658 ac
657 1623 774 1669 patronum
783 1620 825 1663 sibi

71 1678 170 1712 sanctum
185 1675 288 1712 Thomam
303 1674 434 1723 Aquinatem
449 1685 495 1712 esse
510 1675 632 1722 voluerunt,
648 1675 684 1723 qui
695 1675 794 1712 doctrina
804 1679 825 1712 et

72 1729 158 1776 virtute,
174 1729 225 1766 solis
239 1730 314 1776 instar,
329 1740 413 1778 semper
429 1729 502 1767 eluxit.

315 1851 330 1880 2.
342 1858 451 1880 EPISCOPORUM
462 1858 580 1886 DOUTOEUMQUE

187 1901 282 1924 ousluumuu
293 1901 385 1924 raruocmn
395 1902 445 1924 lbLlUS
456 1901 522 1924 NOSTRIS
534 1902 633 1924 TEMPORIBUS
645 1901 708 1924 AUGTUM

137 1958 221 1995 Nostris
241 1969 294 1995 vero
311 1958 451 2006 temporibus,
473 1962 536 1995 aucto
556 1958 636 2006 passini
655 1958 728 1995 studio
746 1958 825 1995 doctri-

72 2023 149 2050 narum
164 2012 222 2059 Eius,
236 2012 325 2060 plurimi
341 2013 465 2060 extiterunt,
481 2012 518 2060 qui
532 2016 636 2061 peterent,
652 2015 676 2049 ut
691 2013 774 2049 cunctis
788 2012 825 2050 ille

71 2066 143 2115 lyceis,
159 2066 279 2114 academiis,
292 2069 313 2104 et
323 2066 401 2104 scholis
411 2066 508 2115 gentium
519 2067 680 2114 catholicarum,
695 2067 825 2115 1111111111ρο-

72 2121 160 2158 stolicae
169 2121 230 2158 Sedis
240 2122 375 2168 auctoritate,
385 2121 494 2158 Patronus
503 2122 657 2169 assignaretur.
680 2121 727 2159 Hoc
739 2121 826 2169 quidem

72 2180 148 2223 optare
165 2186 188 2213 se
205 2176 280 2224 plures
294 2175 396 2223 Episcopi
415 2175 573 2224 significarunt,
592 2176 649 2213 datis
666 2175 688 2212 iu
706 2175 729 2213 id
746 2176 826 2213 litteris

73 2239 121 2266 cum
135 2229 284 2277 singularibus
298 2233 344 2267 tum
360 2229 518 2275 communibus,
539 2230 579 2266 licc
596 2231 679 2278 pariter
695 2230 825 2267 studuerunt

72 2283 190 2320 multarum
202 2284 363 2321 academiarum
377 2284 461 2320 sodales
474 2288 495 2321 et
505 2284 595 2331 collegia
606 2284 719 2321 doctorum
729 2283 826 2331 supplice

73 2341 138 2385 atque
152 2337 229 2374 humili
244 2338 394 2375 obsecratione
409 2338 530 2386 deposcere.

138 2390 235 2434 Quorum
250 2392 345 2428 omnium
359 2392 458 2429 incensas
474 2391 581 2429 desiderio
591 2402 667 2439 preces
677 2402 725 2428 cum
735 2390 826 2428 differre

73 2444 143 2482 visum
158 2448 218 2493 esset,
233 2448 258 2482 ut
272 2445 415 2493 productione
429 2446 533 2494 temporis
549 2449 687 2493 augerentur,
704 2445 783 2482 idonea
798 2446 825 2482 ad

71 2508 118 2535 rem
136 2499 288 2547 opportunitas
306 2500 396 2537 accessit
413 2499 440 2536 ab
455 2499 577 2547 Encyclicis
592 2499 681 2537 Litteris
695 2499 780 2536 Nostris
795 2499 827 2537 De

68 2552 209 2601 philosophia
217 2553 335 2591 nicotiana
344 2554 374 2591 ad
380 2556 471 2591 mentem
479 2553 500 2591 S.
507 2553 827 2601 TbouzocAquiuutisDoctoris

72 2604 201 2654 inpetratio
210 2608 287 2646 scholis
296 2608 406 2646 catholicis
414 2608 565 2653 instauranda,
582 2618 635 2655 quas
646 2608 760 2655 superiore
770 2619 826 2645 anno

73 2659 113 2697 hoc
133 2661 181 2709 ipso
203 2662 238 2699 die
259 2661 425 2710 publicavimus.
459 2662 545 2699 Etenim
566 2661 675 2709 Episcopi,
698 2662 826 2709 academiae,

73 2714 171 2752 doctores
182 2715 301 2753 decuriales
311 2716 427 2765 lyccorum,
441 2720 505 2764 atque
515 2728 541 2753 ex
551 2716 608 2752 omni
618 2720 728 2753 terrarum
737 2717 827 2764 regione
