1846 3062
132 142 184 179 VIII
450 149 575 182 Palurhl'lo

133 252 238 297 oporteat,
260 252 286 285 ut
304 247 491 285 convenienter
509 246 670 294 temporibus
688 246 846 293 utiliterque
863 246 889 282 in

132 313 282 350 muneribus
297 312 350 348 suis
364 314 509 348 versentur.

198 373 890 423 Etsancitprtmc,praestantissimasacraeTheologiae

134 441 222 479 studia
237 452 266 478 ne
282 440 415 489 attingant
432 439 505 489 prius
521 450 594 489 quam
609 439 765 489 diligentem
780 438 889 478 adhibu-

134 507 202 545 erint
215 506 443 556 praeparationem
455 506 481 544 in
490 506 577 545 studio
588 505 777 556 philosophiae.
793 505 890 544 Secrcmlo

134 584 208 611 veram
216 572 376 622 philosophiam
384 573 488 610 describit
496 571 597 621 Clerique
605 564 631 609 ex
640 584 664 610 ea
674 572 787 610 utilitates.
803 571 889 608 Philo-

134 638 260 687 sophiam,
273 638 351 687 inquit,
364 649 418 676 eam
434 638 619 686 intelligimus,
633 637 751 687 intimam
769 637 889 675 solidam-

134 703 378 751 quealtissimarum
390 703 582 752 indagatricem
595 714 738 749 causarum,
753 705 889 750 patronam

134 768 255 816 optimam
266 769 400 814 veritatis,
412 769 485 805 cuius
495 767 595 805 virtute
605 778 686 815 neque
697 766 748 815 ipsi
758 766 890 803 fluctuent

134 843 199 869 neve
214 832 382 880 abripiantur
397 832 466 869 omar
482 834 556 869 cerato
575 830 754 886 cloctriraaeffl.
772 830 891 878 nequitia

134 897 273 942 cornorum,
288 897 314 934 irc
329 897 428 934 astutia
439 897 472 934 orl
482 884 850 939 carceratamuouemerrorts,1
864 899 890 932 et

135 964 231 1007 queant
246 961 323 998 etiam
338 961 467 998 doctrinis
485 961 580 997 ceteris
598 960 745 998 adiumenta
764 959 890 997 veritatis

135 1023 890 1073 subministrare,captionibuspraestigiisqueopinionum

136 1089 261 1127 discussis
279 1093 303 1127 et
320 1089 450 1128 refutatis.
480 1089 551 1134 Quare
570 1090 631 1128 tertio
647 1090 723 1128 statuit
738 1100 805 1139 opera
820 1089 890 1128 sancti

135 1154 229 1193 Thomas
238 1155 356 1205 praecipue
366 1167 391 1194 ac
399 1156 474 1193 sedulo
481 1155 635 1205 pervolvenda.
654 1155 736 1193 Huius
746 1156 784 1194 rei
794 1156 890 1205 gratia,

135 1224 162 1258 ut
179 1232 258 1270 opera
276 1223 361 1270 magni
376 1222 514 1270 Aquinatis
532 1225 620 1259 essent
637 1221 663 1259 in
677 1221 795 1259 manibus
814 1224 835 1259 et
853 1232 890 1259 as·

136 1285 208 1324 sidue
226 1290 336 1335 apteque
354 1290 555 1336 exponerentur,
575 1287 728 1336 iampridem
748 1287 891 1324 monuimus

135 1351 247 1399 idemque
261 1353 365 1401 saepius
377 1353 563 1390 inculcavimus
575 1353 710 1400 verbisque
720 1351 889 1400 gravissimis

136 1419 160 1452 et
177 1417 257 1464 gestit
275 1417 374 1454 animus
392 1418 502 1465 optimos
519 1417 578 1454 inde
595 1417 697 1454 fructus
715 1427 769 1454 esse
787 1427 799 1453 a
814 1416 890 1453 Olero

136 1484 281 1528 perceptos,
296 1492 419 1529 perquam
435 1482 545 1529 optimos
554 1481 753 1528 uberrimosque
764 1491 807 1527 spe
818 1484 890 1517 certa

136 1548 320 1592 exspectamus.
344 1545 410 1582 Cuius
422 1545 477 1593 legis
488 1548 566 1593 qucrtc
575 1545 649 1582 reddit
658 1545 766 1582 rationem
775 1544 890 1591 triplicem.

136 1608 240 1653 Primam,
257 1609 307 1657 quia
322 1609 416 1647 Thomae
428 1609 523 1646 studium
534 1612 566 1647 est
575 1609 750 1657 praeclarissima
760 1608 838 1646 mentis
849 1608 890 1646 dis·

136 1673 217 1721 cipliua
238 1676 303 1721 atque
324 1674 351 1711 ad
371 1674 445 1722 Ipsum
462 1674 531 1711 Demn
551 1674 592 1711 via.
624 1673 730 1711 Scilicet
750 1673 890 1722 disciplina

137 1737 256 1775 Doctoris
275 1738 393 1787 Angelici
410 1738 474 1777 mire
491 1738 562 1777 facta
583 1742 621 1777 est
642 1739 673 1777 ad
690 1739 891 1778 coniornaandas

136 1805 891 1855 mentes,mireusumparitcommentandi,philosophandi,

137 1871 388 1920 disserendifpresse
405 1872 566 1920 invicteque:
587 1883 643 1909 113111
661 1882 703 1909 res
720 1872 837 1920 singulas
855 1872 891 1909 di-

136 1936 225 1974 lucide
244 1940 372 1974 monstrat
393 1937 470 1974 aliani
487 1948 517 1974 ex
536 1937 587 1975 alia
605 1938 728 1975 continua
746 1937 815 1975 serie
832 1947 891 1986 pen-

137 2001 232 2049 dentes,
241 2013 326 2040 cmnes
336 2003 406 2040 inter
417 2014 442 2040 se
451 2013 578 2040 connexas
589 2005 613 2040 et
622 2003 798 2049 cohaerentes,
807 2013 892 2040 omnes

137 2066 168 2104 ad
183 2067 269 2115 capita
284 2068 446 2116 pertinentes
461 2078 590 2116 suprema3
606 2070 659 2104 turn
673 2068 700 2105 in
711 2067 892 2115 contemplati-

137 2143 208 2168 onem
223 2132 303 2180 erigit
315 2133 370 2179 Dei,
385 2133 428 2180 qui
442 2143 528 2170 rerum
544 2132 654 2169 omnium
668 2135 692 2168 et
707 2142 798 2169 caussa
814 2131 892 2168 effec-

137 2196 190 2233 trix
204 2200 278 2234 estet
292 2197 331 2233 vis
342 2200 366 2233 et
380 2208 502 2234 summum
514 2196 650 2244 exemplar,
666 2196 697 2233 ad
709 2207 782 2243 quem
795 2196 892 2233 demum

137 2259 892 2308 omnisphilosophiacthomoquantuscstdehentreierri.

137 2323 225 2368 Deinde,
236 2324 287 2372 quia
297 2335 336 2373 per
347 2324 451 2362 Thomam
462 2335 547 2361 errores
558 2328 604 2361 tum
611 2327 710 2362 veterum
718 2329 764 2362 tum
771 2324 892 2362 recentium

136 2388 243 2426 radicitus
251 2389 372 2426 demuntur.
387 2388 428 2426 Sic
438 2389 892 2437 vereperThomamscientiarerum

138 2453 285 2492 divinarum
301 2458 324 2493 et
339 2455 728 2505 humanarumcaussarumque,
744 2455 893 2506 quibushae

137 2520 366 2569 rescontinentur,
377 2522 826 2572 quumpraeclarissimeillustrata,
841 2525 893 2560 tum

280 2687 283 2694 .
305 2662 321 2702 v,
334 2665 359 2695 11,
