1846 3062
135 120 175 157 214
337 128 444 168 Quntsrlo
455 127 508 160 xxix
530 127 652 161 ARTIGULUS
663 127 686 160 lli

135 226 230 269 discipuli.
254 226 283 259 hd
298 226 359 259 illuni
373 225 485 269 requiritur,
503 228 525 260 ut
540 225 602 260 sciens
620 225 699 259 reducat
714 225 846 259 conclusiones
864 226 888 259 ad

136 280 201 323 prima
212 279 307 323 principia
318 280 422 314 naturalia:
435 283 454 314 ct
466 280 523 314 huius
536 279 613 322 generis
623 283 652 314 cst
661 280 740 314 scientia
748 281 889 314 suhalternans.

134 335 164 368 Ad
172 335 225 369 lieno
232 344 279 368 vero
288 334 365 376 sufficit,
374 337 396 368 ut
404 344 429 368 ex
437 335 518 369 creditis
526 333 627 377 principiis
635 334 681 368 sciat
688 334 788 369 evidenter
795 334 890 377 collidere

135 389 274 423 conclusiones
291 392 310 422 et
325 389 352 422 sic
367 389 490 432 disponatur
508 390 536 423 od
550 388 693 432 perfectionem
710 389 811 431 scientiae,
830 398 889 432 quarn

135 443 193 477 hahet
201 447 323 486 praeceptor:
336 445 355 477 et
363 443 421 477 huius
431 443 508 486 generis
516 446 546 477 est
556 442 635 477 scientia
644 443 761 477 subalterna.
781 443 890 478 Perfieitor

135 507 182 540 ergo
198 498 256 531 huius
271 497 366 531 certitudo
383 497 476 539 similiter,
495 497 592 540 quomodo
607 498 631 531 ad
647 497 677 531 sui
692 497 830 540 perfectionem
845 508 889 532 coit·

136 552 230 586 tinuatur
240 552 323 594 scientia,
332 561 390 595 quam
399 551 481 585 addiscit
490 551 602 594 discipulus,
612 561 655 586 cum
666 551 744 586 scicntia
752 551 889 595 praeceptoris.

136 606 161 639 Et
173 606 200 639 sic
212 606 270 640 etiam
282 616 309 649 ea,
321 616 370 649 quae
383 609 429 640 sunt
440 615 475 648 per
488 616 509 640 se
520 609 565 640 nota
577 606 690 649 inscientia,
703 616 760 649 quam
770 607 822 640 Deus
831 607 889 640 habet

135 661 159 694 de
171 670 192 694 se
203 661 252 703 ipso,
266 663 404 703 supponuntur
415 661 435 694 in
448 660 526 694 scientia
538 663 606 695 nostra
619 661 642 695 de
654 660 731 700 divinis,
743 670 793 703 qnae
805 662 890 695 subsunt

134 714 190 756 fidei,
206 717 224 749 et
236 715 322 749 creditur
334 714 351 749 ei
362 714 419 749 nohis
432 715 468 749 hoc
479 714 571 749 indicanti
583 725 618 758 per
631 725 677 749 suos
689 716 774 756 nuntios,
791 714 840 749 sicut
851 725 890 749 rne-

135 769 190 803 dicus
205 769 266 803 credit
277 769 363 812 physico,
380 772 464 811 quatuor
478 779 521 803 csse
533 770 635 803 elementa:
649 770 682 804 sed
693 770 744 804 fides
755 774 785 804 cst
796 770 816 803 in
827 769 889 810 nohis,

135 826 157 857 ut
168 834 207 867 per
218 824 300 858 modion
316 823 439 858 addiscentis
454 834 467 858 a
479 824 520 858 Deo
536 825 617 858 doctore
631 823 768 865 perveniamus
784 824 808 858 ad
822 823 890 858 intelli-

135 878 227 920 gendum,
239 888 288 921 quae
300 877 404 912 credimus.
424 877 477 912 Sient
490 878 506 912 si
514 877 595 912 inferior
607 877 669 912 sciens
682 878 769 913 addiscat
782 877 889 921 superioris

136 932 240 974 scientiam,
256 935 301 966 tunc
312 932 363 966 fiunt
375 932 392 966 ci
404 932 498 967 intellecta
510 935 529 967 et
541 932 593 974 scita,
608 942 658 974 quae
672 933 728 974 prins
740 935 795 967 erant
807 935 890 967 tanturn·

135 986 193 1021 niodo
206 986 284 1021 credita.

399 1246 521 1279 ARTICULUS
533 1246 625 1280 TERTIUS

199 1356 266 1385 U'l'lthl
280 1356 378 1384 scintillis
393 1355 495 1384 interient
510 1356 681 1384 st‘nnnrnnnunron
696 1356 827 1385 tricennarius

137 1463 175 1535 Aa
187 1462 256 1485 senatun
269 1462 292 1484 sm
303 1462 408 1485 racusanus.
430 1452 512 1486 Videtur
524 1452 576 1495 quod
589 1452 678 1486 scientiae
690 1452 784 1495 practicae
797 1453 891 1486 subalter-

177 1510 248 1540 ncntur
260 1506 390 1548 speculativis.
413 1506 463 1540 Dicit
474 1506 526 1539 enim
539 1506 669 1549 Philosophus
681 1506 763 1540 incita.
776 1517 790 1540 c.
800 1508 825 1549 13,
838 1507 890 1549 quod

135 1564 212 1604 oportet
227 1560 303 1593 civilem
319 1560 418 1594 scientiam
434 1560 579 1602 quodaminodo
594 1560 643 1594 scire
658 1569 684 1602 ea,
702 1569 751 1601 quae
767 1560 791 1594 ad
806 1560 890 1593 animam

136 1617 234 1657 spectant;
247 1614 411 1656 quemadmodum
424 1614 501 1647 oculurn
513 1616 532 1647 et
544 1616 606 1647 totum
618 1623 689 1656 corpus
697 1614 755 1648 debet
764 1613 812 1648 scire
821 1613 844 1657 is,
856 1614 890 1657 qui

136 1672 240 1703 curaturus
249 1670 283 1702 est.
302 1668 355 1711 Ergo
364 1668 413 1701 sicut
422 1667 516 1701 Medicina
524 1667 598 1702 ratione
606 1667 650 1702 talis
659 1667 774 1711 cognitionis
784 1669 890 1702 secundum

136 1722 277 1764 Philosophum
290 1723 435 1756 subalternatur
447 1721 545 1764 Physicae,
560 1721 587 1755 ita
601 1721 675 1755 ratione
691 1721 759 1755 similis
774 1721 890 1765 cognitionis

135 1777 197 1810 eidem
211 1776 355 1810 snbalternatur
367 1775 438 1809 civilis:
451 1777 542 1818 quaeest
555 1775 634 1809 scientia
645 1776 734 1818 practica.

201 1863 234 1896 San
249 1873 312 1894 coarat
327 1873 355 1895 nsr
369 1863 422 1905 quod
437 1863 568 1904 Philosophus
584 1865 592 1896 1
608 1865 627 1896 et
639 1864 648 1896 6
660 1863 772 1905 Metophps.
788 1862 891 1905 distinguit

136 1915 235 1950 scientiam
250 1916 270 1949 in
285 1917 389 1959 practicam
404 1920 423 1950 et
438 1916 576 1959 speculativam
593 1918 692 1959 tamquam
710 1916 730 1949 in
747 1915 837 1950 scientias
852 1917 891 1950 for-

135 1970 211 2003 rnaliter
226 1971 320 2004 diversas.
342 1971 367 2004 At
382 1971 489 2004 secundnm
504 1971 587 2004 eundem
602 1972 610 2003 1
624 1971 697 2004 Postea.
714 1971 751 2005 ct
767 1971 890 2004 subalternae

135 2027 154 2058 et
167 2025 322 2059 subalternantes
334 2035 373 2058 non
385 2025 534 2068 distinguuntur
545 2025 658 2066 formaliter,
675 2025 709 2058 sed
724 2027 800 2058 tanturn
814 2024 891 2058 materi-

135 2078 196 2112 aliter.
220 2079 273 2121 Ergo
286 2078 375 2112 scientiae
387 2079 482 2121 practicae
494 2089 533 2113 non
546 2079 705 2113 subalternantur
717 2078 846 2120 speculativis.

201 2165 298 2198 Rssroinno
313 2175 392 2197 nicrruun
407 2166 460 2208 quod
476 2164 566 2199 scientiae
580 2165 675 2207 practicae
688 2165 774 2207 proprie
789 2174 828 2198 non
847 2165 891 2198 sub-

135 2220 256 2253 alternantur
265 2219 395 2261 speculativis.
412 2220 442 2252 Ad
451 2218 506 2252 cuius
514 2218 631 2252 evidentiam
639 2218 744 2260 sciendum,
753 2218 805 2261 quod
812 2218 892 2252 scientia

136 2273 247 2316 dupliciter
258 2275 322 2315 potest
334 2272 371 2306 dici
382 2273 517 2307 subalternari.
539 2273 581 2307 Uno
591 2272 650 2306 modo
658 2272 783 2315 tittproprie:
795 2274 891 2315 qnatenus

136 2337 163 2367 ea,
178 2337 227 2370 quae
241 2327 336 2361 adunam
350 2327 448 2361 scientiam
460 2327 563 2369 pertinent,
579 2326 687 2370 aliqualiter
699 2326 833 2369 cognoscenda
846 2328 891 2359 sunt

136 2382 160 2415 ab
172 2382 237 2422 altera,
250 2381 295 2424 quia
307 2382 422 2415 condecent
432 2382 457 2415 ad
469 2381 599 2424 cognitionem
608 2380 677 2414 obiecti
685 2380 748 2423 ipsius
757 2380 788 2414 vel
799 2381 823 2415 ad
831 2379 891 2413 tinem

136 2435 173 2477 ipsi
181 2436 284 2478 proprium
294 2436 457 2478 consequendum.
474 2436 499 2469 Et
507 2436 544 2469 hoc
551 2435 610 2468 modo
619 2435 697 2468 scientia
704 2434 765 2469 civilis
772 2437 791 2468 et
797 2433 892 2468 llcdicina

136 2489 227 2523 dicuntur
243 2489 373 2523 subalternari
389 2489 478 2523 scientiae
494 2488 582 2523 naturali.
606 2489 655 2522 Nam
673 2498 716 2522 cum
735 2489 814 2522 scientia
829 2487 892 2522 civilis

136 2545 181 2586 agat
193 2543 216 2577 de
227 2543 317 2577 felicitate
329 2547 348 2577 et
359 2544 383 2577 de
392 2543 463 2577 virtute
472 2544 557 2577 humana
565 2545 646 2585 propter
654 2543 769 2584 felicitatem,
782 2542 892 2576 necessario

136 2597 193 2630 dehet
210 2596 318 2639 aliqualiter
334 2606 450 2640 cognoscere
466 2606 492 2638 ea,
510 2606 560 2639 quae
575 2596 673 2638 pertinent
690 2596 714 2630 ad
729 2596 819 2638 animam,
837 2595 892 2629 cuius

136 2651 223 2693 operatio
231 2654 261 2684 est
269 2651 338 2685 virtus.
357 2651 404 2685 Alio
414 2652 472 2685 modo
482 2650 577 2693 proprie:
589 2650 667 2692 quando
679 2660 718 2684 nna
731 2650 809 2684 scicntia
821 2650 893 2692 pendet
