1846 3062
126 122 165 160 180
419 132 526 172 QUAESTIO
537 132 589 165 XXVI

124 227 170 271 quia
185 228 243 262 habet
257 237 325 262 causas
341 228 455 269 innnobiles,
475 238 562 271 quaeque
580 231 610 262 est
624 228 741 271 principium
756 232 846 272 prompte
861 231 879 261 et

124 281 206 315 faciliter
222 282 297 324 agendi,
315 283 339 315 ad
356 281 498 316 distinctionem
518 282 614 324 potentiae
633 282 766 323 intellectivae‚
783 292 832 325 quae
850 285 879 316 est

125 334 242 377 principium
254 335 383 379 cognoscendi
396 345 430 369 seu
442 335 512 378 agendi
523 336 616 370 absolute.
639 336 748 378 Utrumque
760 339 824 370 autem
836 346 880 370 con·

125 389 178 423 venit
185 389 279 423 scientiae.
288 389 591 432 Namprocessusexnecessariis
596 390 658 433 gignit
663 390 879 431 scientiam‚omnevero

125 443 256 477 necessarium
266 446 296 477 est
304 443 408 477 immobile.
428 444 530 478 Praeterea
540 443 618 478 scientia
629 447 659 477 est
670 444 793 487 principium,
804 454 843 487 quo
853 444 880 477 in·

125 497 211 531 tellectus
218 500 308 540 prompte
315 501 333 532 et
339 498 394 532 facile
403 497 475 531 iudicat
484 499 508 532 de
515 498 596 541 proprio
605 498 684 532 obiecto.
702 499 824 533 Differ-carta
832 507 879 532 vero

125 551 244 594 designatur,
257 562 301 585 cum
314 552 383 586 dicitur
392 552 517 586 indicativus
525 552 555 586 rei
561 563 599 594 per
604 553 714 595 propriam
723 562 811 586 coruom.
830 553 879 585 Nam

126 605 215 639 scientiae
227 615 298 640 nomen
308 606 405 649 siguificat
413 605 548 640 certitudinem
555 606 626 640 indicii.
646 607 724 650 Duplex
733 608 798 641 autem
809 608 839 639 θεῖ
847 606 880 639 ob·

125 660 196 693 iectum
207 660 281 694 iudicii:
298 670 359 694 unum
374 663 403 694 est
415 662 485 694 nonan
494 670 533 703 per
544 671 574 701 sa·
591 663 610 695 et
621 660 699 695 habitus
711 660 814 703 perficiens
826 659 880 694 intel-

125 714 195 748 lectum
204 715 229 748 ad
237 714 411 749 considerationem
419 718 438 749 et
444 714 537 749 indicium
544 715 602 749 huius
609 715 678 750 obiecti
685 715 755 749 dicitur
761 714 879 749 intellectus.

125 768 213 802 Alterum
224 771 254 803 est
265 771 335 804 cotom
340 779 379 813 per
387 769 451 812 altrat
465 772 512 812 puta
520 779 555 812 per
563 779 650 811 causam3
663 772 682 803 et
690 769 768 803 habitus
776 768 879 812 perficiens

125 823 243 857 intellectum
255 824 279 858 ad
290 823 383 858 iudicium
394 823 451 858 istius
464 824 533 858 obiecti
545 823 615 858 dicitur
630 824 720 859 scientio.
745 825 770 858 Et
783 823 810 858 sic
821 822 881 857 mani-

125 878 198 912 festum
210 881 244 919 est,
256 879 309 921 quod
320 881 372 913 recte
384 879 454 912 tradita
466 881 496 912 est
507 878 594 912 definitio
607 878 697 912 scientiae
708 878 817 912 habitualis.

191 955 217 988 An
229 965 337 988 monnarrun
351 965 393 987 unco
405 965 484 987 urrunnun
499 956 552 997 quod
567 954 644 989 habitus
661 954 750 988 scientiae
765 953 836 997 partim
851 957 880 988 est

126 1009 146 1042 in
162 1009 237 1043 viribus
253 1009 357 1051 sensitivis,
375 1009 447 1052 partim
462 1009 482 1042 in
496 1008 598 1051 intellectu,
616 1012 637 1042 ut
652 1011 704 1052 patet
719 1018 743 1042 ex
758 1008 838 1050 actibus
856 1018 881 1042 ex

126 1062 198 1106 quibus
210 1063 288 1097 habitus
301 1063 390 1098 scientiae
405 1063 517 1107 acquiritur,
534 1063 568 1106 qui
584 1066 630 1097 sunt
644 1073 679 1106 per
694 1062 841 1097 conversionem
856 1062 880 1096 ad

126 1117 266 1160 phantasmata,
274 1128 322 1161 quae
330 1120 375 1152 sunt
381 1118 401 1151 in
407 1117 511 1160 praedictis
518 1117 599 1152 viribus.
612 1117 650 1152 Sed
657 1117 706 1151 sicut
712 1120 766 1151 actus
772 1116 880 1151 inteHectus

126 1170 258 1213 principaliter
270 1171 349 1214 quidam
361 1174 380 1205 et
391 1171 499 1205 formaliter
511 1174 541 1204 est
552 1171 572 1204 in
583 1171 627 1214 ipso
638 1171 740 1212 intellectu,
755 1170 880 1205 materialiter

126 1227 190 1257 autem
203 1228 221 1258 et
229 1225 344 1268 dispositive
352 1228 382 1259 est
390 1226 410 1259 in
418 1225 494 1259 viribus
502 1225 638 1260 interioribus:
651 1226 677 1259 ita
685 1228 704 1259 θῖ
711 1225 795 1259 habitus.
816 1225 880 1264 Quare

127 1282 221 1321 quantum
233 1279 258 1313 ad
269 1280 294 1320 id,
307 1280 360 1322 quod
372 1282 401 1313 est
413 1280 521 1314 materiale
532 1280 552 1313 in
563 1279 631 1314 habitu
643 1279 737 1319 scientiae,
750 1279 807 1313 estin
816 1288 880 1320 sensuy

126 1334 145 1366 et
156 1332 199 1366 ideo
212 1333 344 1375 corrumpitur
356 1333 459 1367 oblivione.
479 1334 577 1373 Quantum
586 1336 650 1368 autem
663 1334 687 1367 ad
698 1334 724 1375 id,
736 1333 789 1376 quod
801 1336 831 1367 est
843 1334 881 1367 for-

127 1387 185 1429 mala,
199 1397 238 1421 non
250 1387 383 1430 corrumpitur
395 1387 497 1430 oblivioney
510 1388 544 1422 sed
556 1391 632 1422 tantum
641 1398 680 1431 per
691 1388 766 1421 falsam
775 1396 881 1430 (erysimon-

127 1440 230 1474 tationem.

266 1761 436 1807 QUAEsrto
454 1761 742 1802 VIGESIMASEXTA

293 1874 327 1907 DE
340 1874 565 1909 PROPRIETATIBUS
579 1874 717 1909 SCIENTIAE

377 1983 393 2003 In
405 1983 467 2004 SEPTEM
478 1982 565 2004 ARTICULOS
577 1982 631 2004 mvrsa

157 2123 293 2162 dicendum
305 2127 340 2158 es

202 2178 227 2211 Et
219 2177 289 2212 tcirca
300 2178 337 2212 hoc
349 2181 423 2220 septem
436 2180 562 2220 quaeruntur.

226 2232 328 2266 Primo:n
315 2234 382 2266 utrum
394 2232 419 2265 sit
431 2242 469 2266 una
482 2231 561 2266 scientia
572 2241 639 2265 rerum
651 2231 744 2265 omnium.

227 2286 324 2321 Secundo:
337 2286 361 2320 de
373 2286 446 2320 unitate
458 2285 548 2320 scientiae
560 2295 584 2319 ex
596 2286 669 2320 obiecto
650 2286 764 2320 tiormali.

226 2340 300 2374 Tertio:
314 2341 337 2374 de
349 2340 394 2374 dist*
381 2343 428 2373 ttmc
429 2341 472 2374 ione
485 2339 609 2373 scientiarum
621 2349 645 2373 ex
657 2339 763 2382 principiis¹

226 2395 311 2433 Quarto:
324 2394 347 2427 de
360 2393 474 2427 certitudine
487 2393 581 2427 scientiae.

225 2447 307 2488 Quint&
320 2450 387 2481 utrum
398 2458 437 2481 una
450 2447 529 2481 scientia
541 2446 566 2481 sit
578 2446 648 2481 certior
660 2447 701 2481 alia.

227 2502 295 2536 Sexto:
308 2505 375 2535 utrum
386 2512 425 2536 una
437 2501 516 2535 scientia
529 2501 554 2535 sit
565 2501 601 2535 alia
613 2500 702 2535 nobilior.

226 2556 323 2598 Septimo:
336 2558 403 2590 utrum
416 2556 495 2590 scientia
507 2556 530 2589 de
542 2555 633 2589 nobiliori
645 2555 725 2597 obiecto,
740 2555 774 2590 sed
786 2555 883 2597 incertior,

261 2610 286 2644 sit
301 2610 413 2653 simpliciter
429 2610 512 2644 nobilior
527 2609 606 2643 scientia
621 2609 703 2652 certiori,
720 2610 754 2644 sed
770 2610 794 2643 de
809 2609 883 2643 obiecto

259 2664 376 2707 ignobiliori.

125 2050 208 2196 ejas-r
220 2069 394 2104 considerationem
407 2069 502 2104 essentiae
514 2069 604 2103 scientiae
619 2070 642 2103 de
654 2068 824 2112 proprietatibns'
819 2069 882 2142 ipsius
