1846 3062
278 132 385 172 Qunrsno
397 133 427 165 vn
448 133 589 166 nnricmosi
784 123 810 161 53

121 230 148 263 An
162 238 233 261 mariun
247 239 327 261 nicanum
342 229 394 271 quod
409 229 473 263 anima
487 240 526 263 non
541 233 571 264 est
586 230 666 273 proprie
681 230 718 263 hoc
732 229 811 272 aliquid.

56 283 105 316 Nam
117 283 160 317 licet
171 282 199 316 illi
211 282 312 316 conveniat
323 293 385 316 unum
397 292 421 316 ex
433 283 515 325 duobus,
527 294 576 327 quae
589 287 635 318 sunt
648 285 672 318 de
680 282 755 317 ratione
763 283 810 325 eins,

56 337 109 379 quod
121 339 151 370 est
162 338 199 371 hoo
211 336 289 378 aliquid,
304 339 351 379 puta
366 346 409 370 esse
421 346 456 370 ens
468 347 503 379 per
516 347 536 371 se
548 338 664 380 subsistens,
680 338 735 371 deest
746 339 811 370 tamen

57 391 144 432 alterum,
158 401 182 425 sc.
194 391 247 433 quod
260 390 285 424 sit
297 400 331 424 cns
344 391 461 433 completum
472 391 492 424 in
505 401 575 434 genere
588 391 712 426 substantiae.

121 445 147 478 An
160 454 236 483 annruu
247 454 327 476 nicenam
339 445 391 486 quod
406 444 527 478 differentiae
544 448 590 479 sunt
604 445 711 479 contrariae
726 445 777 479 inter
790 455 810 478 se

57 498 192 532 contrarietate
211 497 318 540 improprie
339 498 397 540 dicta,
419 508 468 541 quae
488 501 518 532 est
538 500 644 533 secundnm
663 499 771 541 perfectum
792 501 811 532 et

56 551 197 594 imperfectum.

122 607 148 639 An
165 616 234 645 qninrmi
249 616 328 638 monrmm
344 607 402 648 qnod,
423 617 466 640 cuni
484 607 560 649 dicitur,
578 608 630 649 quod
647 607 756 641 substantia
770 617 819 640 non-

57 660 125 702 recipit
136 660 199 703 magis
211 663 230 692 et
238 659 308 701 minus,
321 670 361 693 non
373 663 403 693 est
413 670 487 702 sensns,
500 661 552 703 quod
560 671 599 694 una
608 661 681 703 species
691 661 810 694 substantiae

57 723 96 747 non
109 714 134 748 sit
145 713 249 756 perfectior
261 724 320 756 quam
332 714 373 756 alia,
392 715 425 748 sed
443 715 496 757 quod
510 725 571 748 unum
587 718 605 748 et
620 715 672 748 idem
687 714 810 749 individuum

57 777 96 801 non
108 768 211 811 participat
223 778 278 801 suam
291 768 374 810 speciem
389 769 506 811 quandoque
521 769 589 812 inagis,
607 769 724 812 quandoque
740 769 810 811 minus,

57 832 92 856 nec
104 823 162 856 etiam
174 833 185 857 a
196 822 281 856 diversis
295 822 403 857 individuis
418 823 546 866 participatur
562 824 635 866 species
651 823 771 858 substantiae
784 833 811 857 se·

58 877 142 910 cundum
155 876 217 919 magis
231 880 249 910 et
260 876 331 911 minus.

122 932 149 965 An
161 942 222 964 sexum
234 942 314 964 nicenum
328 932 386 974 quod,
401 941 445 966 oum
457 932 518 966 oratio
531 933 562 966 vel
574 932 638 975 opinio
651 932 718 967 eadem
730 941 811 965 manens

57 985 161 1027 aliquando
179 988 209 1019 est
225 995 277 1027 vera,
294 986 398 1028 aliquando
415 986 470 1028 falsa,
487 987 524 1020 lioc
538 996 578 1020 non
595 987 619 1020 iit
633 996 669 1029 per
684 986 811 1019 mutationem

58 1039 151 1074 orationis
163 1040 194 1074 vel
206 1039 308 1081 opinionis.
331 1040 374 1073 Non
389 1040 440 1073 eninr
456 1043 543 1074 mutatur
559 1041 621 1074 oratio
636 1041 667 1075 vel
681 1039 751 1082 opinio,
767 1049 811 1073 cum

59 1093 148 1127 Socrates
164 1094 223 1135 sedet,
239 1103 261 1127 eo
280 1097 377 1136 surgente,
396 1095 430 1128 sed
444 1097 531 1128 mutatur
546 1105 583 1129 res.
607 1096 662 1129 Unde
676 1104 716 1127 non
730 1104 766 1136 per
781 1094 812 1128 sui

58 1147 184 1181 mutationem
197 1147 258 1181 oratio
270 1148 301 1181 vel
313 1148 378 1190 opinio
390 1148 460 1182 dicitur
472 1159 514 1182 esse
525 1149 655 1191 susceptibilis
663 1148 811 1190 contrariorum,

59 1202 93 1235 sed
105 1211 140 1244 per
152 1201 278 1236 mutationem
290 1202 319 1236 rei
332 1202 455 1245 significatae.
480 1203 543 1242 Quare
555 1203 575 1237 id
588 1203 623 1237 soli
637 1202 756 1237 substantiae
769 1212 812 1236 con-

58 1256 116 1298 venit,
129 1259 148 1289 et
159 1256 202 1290 aliis
214 1257 288 1290 ratione
301 1256 425 1290 substantiae.

336 1374 532 1406 ——Qf—

276 1512 435 1557 QUAESTIO
453 1511 593 1552 SEPTIMA

209 1624 243 1657 DE
256 1624 477 1659 PRAEDICAMENTO
490 1625 662 1664 QUANTITATIS

301 1733 318 1754 IN
330 1733 402 1762 onirQUE
412 1733 501 1755 ARTIOULOS
512 1733 568 1755 otissa

59 1801 139 1921 Ῐῆῂοετ
146 1819 320 1854 considerationem
327 1820 351 1853 de
357 1820 513 1862 praedicamento
521 1821 640 1854 substantiae
649 1820 812 1854 considerandum

84 1901 102 1934 tr

59 1867 72 1920 j
89 1886 104 1909 -u
122 1877 152 1908 est
164 1875 187 1908 de
199 1873 241 1907 aliis
253 1874 420 1915 praedicamentis.
444 1875 469 1908 Et
484 1874 563 1917 quidem
575 1875 645 1917 primo
660 1874 683 1908 de
700 1874 811 1917 quantitate,

61 1930 91 1947 ὠ
121 1928 207 1963 secondo
220 1928 243 1961 de
255 1928 351 1970 qualitate,
365 1929 423 1962 tertio
435 1929 459 1962 de
470 1929 563 1962 relatione
575 1932 593 1962 et
605 1930 677 1971 quarto
690 1928 714 1961 de
726 1928 812 1971 reliquis.

126 1983 181 2017 Circa
192 1982 278 2024 primuni
291 1985 411 2025 quaeruntur
423 1983 514 2025 quinque.

158 2036 233 2071 Primo:
245 2039 312 2070 utrum
324 2037 373 2071 ratio
385 2037 498 2080 quantitatis
511 2037 604 2071 consistat
615 2038 636 2071 in
648 2037 786 2072 divisibilitate.

159 2091 256 2126 Secundo:
268 2094 334 2125 utrimi
346 2091 444 2134 quantitas
452 2092 529 2125 realiter
539 2092 671 2135 distinguatur
679 2102 690 2125 a
699 2093 813 2127 substantia.

158 2145 231 2179 Tertio:
245 2146 268 2179 de
280 2145 410 2180 divisionibus
422 2146 540 2188 quantitatis.

158 2200 240 2239 Quarto:
254 2200 277 2233 de
290 2200 391 2242 speciebus
403 2200 521 2243 quantitatis.

159 2253 239 2293 Quinto:
253 2254 276 2288 de
288 2254 441 2297 proprietatibus
454 2255 573 2297 quantitatis.

330 2373 453 2407 ARTICULUS
464 2374 544 2406 Peritos

146 2471 209 2500 oranti
223 2471 279 2500 arrio
294 2471 417 2506 quantitatis
432 2472 532 2501 consissit
545 2473 566 2500 IN
580 2472 724 2501 DlVlSlBlLlTATE

90 2568 100 2589 n
117 2567 179 2589 eninm
194 2567 217 2589 sic
231 2567 337 2591 anocnnnnn.
359 2558 441 2592 Videtur
456 2559 508 2602 quod
523 2559 573 2592 ratio
588 2558 701 2601 quantitatis
716 2568 756 2591 non
771 2568 814 2592 con-

61 2567 88 2640 Α
102 2611 158 2645 sistat
169 2611 189 2645 in
202 2611 339 2646 divisibilitate.
359 2613 450 2647 Definitio
463 2613 513 2647 enirn
525 2613 584 2646 unius
596 2613 624 2646 rei
636 2622 675 2646 non
684 2615 750 2654 potest
759 2613 814 2646 alteri

61 2666 173 2708 convenire;
194 2675 239 2699 nain
260 2666 347 2701 definitio
368 2670 387 2701 et
407 2667 509 2701 definitum
527 2670 573 2700 sunt
590 2667 642 2700 idem
657 2676 684 2709 re,
704 2670 727 2700 ut
744 2667 814 2701 dicitur
