1846 3062
115 127 152 163 XX
322 135 441 167 ENcl'umtzl
455 136 560 167 'nuruum
572 135 659 167 earnis·

114 234 207 270 nominis
218 234 329 270 scientiam
345 232 395 269 totis
406 232 490 269 viribus
501 233 627 280 provehere,
643 233 750 279 simulque
760 233 867 280 singulari

115 287 229 335 vigilantia
244 286 365 334 providere,
383 289 407 322 ut
426 286 453 322 ad
471 285 524 322 fidei
539 285 658 322 catholicae
673 297 772 322 normam
786 286 867 334 ubique

115 340 254 377 traderentur
263 340 369 375 humanae
377 339 505 386 disciplinae
513 350 592 385 omnes,
602 339 731 386 praesertim
739 350 792 377 vero
797 339 868 387 philo·

115 394 197 441 sophia,
219 405 230 429 a
249 403 290 440 qua
308 392 411 429 nimirum
428 403 507 440 magna
525 404 551 429 ex
569 395 632 440 parte
649 394 729 441 pendet
747 397 868 431 ceterarum

116 447 254 484 scientiarum
269 451 328 483 reeta
343 445 405 483 ratio.

296 568 311 597 2.
324 574 410 598 EPISTOLAE
422 575 515 598 haereticae
527 576 575 598 Huius
587 576 687 599 Phorcsmuu

181 632 206 669 ld
221 632 291 680 ipsum
307 636 327 669 ct
338 633 381 670 Nos
396 633 452 669 inter
469 637 540 671 cetera
553 633 650 671 breviter
661 635 788 681 monninms,
803 634 869 671 Vene-

115 686 196 723 rabilcs
214 687 307 732 Fratres,
329 698 376 723 cum
396 687 490 734 prinnun
507 687 550 725 Vos
569 699 642 726 onmes
659 700 697 736 per
716 688 810 725 Litteras
827 688 869 724 En·

117 741 209 788 cyclicas
221 741 308 778 allocuti
321 752 405 787 sumus,
422 741 460 779 sed
470 742 533 779 modo
543 742 576 779 rei
587 743 701 791 gravitate,
717 746 737 779 et
747 746 869 789 temporum

117 795 239 832 conditione
258 795 406 842 compellimur
425 807 503 833 rursus
518 796 634 834 Vobiscum
652 807 716 844 agere
734 796 760 833 de
774 796 869 833 ineunda

116 849 316 897 philosophicorum
330 849 453 886 studiorum
466 851 556 897 ratione,
573 862 627 898 quae
642 855 663 887 et
678 851 735 887 bono
748 849 801 887 fidei
819 854 869 898 apte

116 904 252 950 respondeat,
267 909 288 940 et
303 904 344 950 ipsi
359 903 503 940 humanarum
518 905 657 942 scientiarum
667 903 768 951 dignitati
781 904 808 940 sit
822 914 869 940 con-

117 960 224 993 sentanea.

483 1089 505 1130 ll

361 1185 625 1226 PERTRAOTATIO

426 1308 482 1341 Pars
493 1307 562 1341 rhum

272 1387 363 1415 ficturum
378 1387 389 1415 E
403 1386 451 1415 BONA
466 1386 593 1415 PHILOSOPHIA
608 1387 717 1416 heimricus

135 1486 138 1488 ¹
191 1490 205 1518 L
217 1496 243 1517 UTl
255 1495 362 1517 curiosorum
373 1495 426 1516 PRAVA
437 1495 515 1517 ultionum
526 1495 573 1517 HUIUS
585 1495 651 1517 AETATIS
662 1495 712 1517 CAUSA
723 1495 797 1524 FECUNDA,

190 1539 216 1561 ITA
227 1538 287 1560 REUTUS
298 1538 415 1560 rmnosorumu
427 1538 463 1560 USUS
475 1538 529 1560 ulman
539 1538 645 1560 onuiuarlcu'u
658 1538 724 1560 GENERIS
735 1539 796 1561 Butram

342 1581 444 1603 numliuurml
455 1581 537 1602 struatur
548 1581 648 1603 rmmmrumi

185 1637 207 1674 Si
226 1637 274 1685 quis
294 1638 316 1674 in
334 1637 474 1674 acerbitatem
493 1640 618 1675 nostrornm
635 1640 757 1686 temporum
776 1639 871 1675 animum

119 1692 223 1738 intendat,
237 1702 353 1739 earumque
363 1702 437 1728 rerum
446 1691 558 1737 rationem,
574 1702 629 1739 quae
639 1692 725 1739 publice
736 1695 757 1729 et
767 1693 872 1740 priuatim

119 1749 236 1795 geruntur,
257 1746 387 1793 cogitatione
408 1746 572 1792 complectatur,
592 1746 610 1783 is
631 1746 728 1793 proiecto
750 1747 872 1794 comperiet,

119 1800 234 1837 fecundam
249 1800 355 1837 malorum
370 1811 461 1845 causam,
482 1810 530 1836 cum
545 1810 620 1837 eorum
635 1811 690 1847 quae
704 1804 811 1848 premunt,
826 1804 873 1838 tum

119 1865 194 1892 eorum
210 1865 265 1901 quae
280 1853 456 1900 pertimescimus,
471 1854 494 1889 in
509 1864 533 1890 eo
549 1854 672 1899 consistere,
688 1854 746 1900 quod
761 1865 830 1901 prava
846 1855 872 1891 de

120 1908 199 1945 divinis
214 1907 357 1954 humanisque
371 1907 437 1944 rebus
448 1907 507 1953 scita,
522 1918 533 1944 e
543 1907 622 1943 scholis
632 1907 811 1954 philosophorum
821 1908 872 1944 iam-

119 1961 204 2009 pridem
219 1960 322 2008 proiecta,
337 1961 360 1997 in
375 1971 448 1997 omnes
463 1960 558 1997 civitatis
571 1960 658 1997 ordines
668 1960 802 2008 irrepserint,
818 1971 872 1998 com-

120 2015 179 2050 muni
195 2014 339 2061 plm'imorum
353 2013 460 2061 suffragio
476 2017 568 2060 recepta.
593 2013 647 2050 Cum
662 2014 719 2050 enim
733 2013 822 2049 insitum
836 2013 872 2050 ho-

120 2067 172 2103 mini
187 2070 266 2102 natura
281 2067 314 2112 sit,
329 2067 390 2102 utin
405 2067 489 2113 agendo
503 2066 610 2103 rationem
630 2067 706 2102 ducem
725 2069 836 2113 sequatur,
854 2067 872 2103 si

121 2119 173 2166 quid
187 2119 332 2166 intelligentia
349 2122 433 2166 peccat,
453 2119 475 2155 in
494 2119 517 2155 id
537 2123 558 2155 et
577 2119 678 2156 voluntas
697 2118 761 2156 facile
779 2119 871 2156 labitur:

120 2178 185 2222 atque
200 2173 231 2210 ita
246 2172 361 2221 contingit,
380 2176 404 2209 ut
421 2172 520 2220 prauitas
538 2172 671 2220 opinionum,
690 2184 782 2220 quarum
800 2177 832 2211 est
850 2175 873 2210 in

119 2227 264 2275 intelligentia
279 2227 345 2273 sedes,
360 2227 499 2263 inhumanas
515 2227 610 2263 actiones
624 2226 712 2273 influat,
732 2237 811 2275 easque
825 2239 872 2276 per·

120 2285 197 2319 vertat.
222 2281 256 2318 Ex
271 2281 368 2327 adverso,
385 2281 403 2318 si
418 2291 470 2318 sana
484 2291 544 2317 mens
559 2280 670 2318 hominum
679 2280 751 2329 luerit,
766 2285 787 2319 et
798 2282 872 2320 solidis

121 2337 222 2385 verisque
237 2335 350 2385 principiis
365 2336 459 2373 tirmiter
474 2335 567 2383 insistat,
586 2339 632 2373 tum
649 2347 702 2374 vero
721 2336 743 2373 in
762 2336 873 2384 publicum

120 2392 275 2440 privatumque
291 2391 426 2429 commodum
440 2390 534 2439 plm‘ima
549 2390 656 2429 beneficia
671 2392 792 2440 progignet.

186 2446 293 2495 Equidem
308 2457 351 2484 non
361 2449 444 2483 tantam
456 2445 563 2483 humanae
573 2445 723 2495 philosophiae
738 2447 782 2484 vim
794 2450 815 2484 et
826 2458 873 2484 auc-

121 2501 232 2538 toritatem
240 2501 361 2548 tribuimus,
372 2504 396 2538 ut
405 2501 487 2538 cunetis
496 2501 582 2538 omnino
592 2500 704 2538 erroribus
714 2501 874 2549 propulsandis,

121 2555 157 2592 vel
167 2555 284 2593 evellendis
294 2567 369 2603 parem
380 2566 425 2593 esse
435 2555 564 2593 iudicemus:
576 2555 705 2603 sicutenim,
718 2567 767 2592 cum
779 2555 875 2604 primum

121 2612 154 2646 cst
168 2608 246 2657 religio
261 2609 379 2646 christiana
395 2609 517 2656 constituta,
532 2621 571 2657 per
586 2609 715 2648 admirabile
732 2609 785 2647 fidei
801 2610 875 2647 lumen

121 2675 166 2700 noc
176 2663 357 2711 persuasibilibus
371 2664 693 2711 1111111111εαρῑεηιίαευωὺῑε
707 2663 821 2710 diiiusmn,
838 2664 876 2702 sed
