1846 3062
304 137 411 178 QUAESTIO
422 137 459 187 lllll
481 137 603 170 ARTlGULUS
614 138 644 169 tlt
826 128 849 164 Π

97 238 166 272 tuntur
178 234 236 270 etiam
248 232 355 268 secundum
368 241 393 267 se.
416 230 491 266 Dicitur
503 231 554 266 enim
565 231 627 266 maior
639 231 670 266 rel
682 230 746 265 minor
758 230 848 273 scientio,

98 303 147 336 quae
159 292 184 325 ad
195 291 252 334 plura
263 290 294 325 uel
309 289 400 331 pauciora
415 298 436 323 se
450 288 541 331 extendit,
559 291 578 322 et
592 288 677 331 aequalis
693 287 772 322 scientia
787 287 850 331 magis

97 346 190 387 recipitur
196 345 216 376 in
222 354 261 377 uno
269 343 354 377 subiecto
361 352 420 384 quam
426 342 446 374 in
453 343 489 375 alio
497 343 603 375 secundum
610 343 709 376 diuersam
717 342 850 384 aptitudinem.

99 399 124 431 Et
131 397 182 430 idem
191 399 221 430 est
229 397 252 429 de
262 396 375 436 uirtutibus,
386 394 403 427 si
411 395 558 427 considerentur
567 396 674 428 secundum
683 394 850 436 participationem

98 450 184 489 subiecti.
200 450 231 488 Sic
243 450 294 487 enim
303 448 397 495 contingit
405 448 498 485 virtutem
507 458 550 484 esse
558 448 651 485 maiorem
660 449 691 485 rel
699 448 800 492 minorem,
810 448 851 484 sire

98 509 206 543 secundum
218 508 296 541 diversa
308 509 397 548 tempora
408 507 428 540 in
441 507 509 541 eodem
522 505 562 540 sive
574 505 594 540 iu
603 506 687 540 dirersis
696 506 793 547 subiect-is,
805 505 851 548 quia

97 562 122 594 ad
132 561 266 602 attingendum
275 560 361 592 medium
370 559 453 600 virtutis,
462 560 515 600 quod
522 563 551 592 est
558 560 664 592 secundum
671 563 742 592 rectam
750 560 850 595 rationem.

97 623 149 647 unus
162 616 191 646 est
203 612 272 646 melius
285 611 392 654 dispositus
405 621 464 654 quam
476 611 525 645 alius
534 612 565 645 uel
574 615 654 653 propter
662 612 756 645 maiorem
764 614 852 645 assueta·

98 670 163 705 dinem
176 669 207 705 vel
218 671 298 713 propter
310 667 410 704 meliorent
422 666 570 712 dispositionem
582 669 662 703 naturae
674 666 705 704 vel
716 669 797 713 propter
809 676 852 712 per·

99 725 194 767 spicacius
206 724 298 758 iudicium
311 724 392 757 rationis
404 726 438 757 aut
450 724 507 757 etiam
519 726 600 766 propter
611 723 675 758 maius
686 723 760 766 gratiae
773 724 851 763 donum,

98 778 152 817 quod
163 778 267 818 unicuique
280 778 363 809 donatur
377 777 484 809 secundum
496 786 608 809 mensuram
621 777 730 809 donationis
740 777 818 816 Christi,
831 779 852 808 ut

98 829 331 874 circumscariphatos.
351 828 372 863 Si
384 838 430 862 vero
444 828 506 862 uirtus
519 828 653 862 consideretur
665 829 772 862 secundum
785 837 806 860 se
818 837 853 861 seu

98 887 118 921 in
130 888 233 929 abstracto,
250 896 294 921 cum
306 886 369 921 virtus
382 885 457 921 dicatur
468 895 504 929 per
516 885 604 920 ordinem
619 886 643 920 ad
655 884 712 927 aliud,
728 883 802 919 dicetur
814 893 852 919 una

98 941 162 975 virtus
174 941 236 974 maior
248 944 266 974 et
277 940 341 975 minor
350 942 456 975 secuudum
465 950 492 982 ea,
504 941 586 983 adquae
596 950 616 974 se
626 941 717 974 extendit.
736 941 780 973 Non
788 943 853 973 tamen

97 994 118 1025 id
130 993 256 1034 contingitur
269 994 321 1026 omni
333 993 411 1026 virtute.
431 994 498 1026 Virtus
507 993 559 1025 enim
566 994 646 1026 moralis
658 1003 698 1026 non
709 994 778 1033 recipit
789 993 852 1034 magis

98 1049 117 1081 et
129 1046 199 1090 minus,
216 1046 264 1080 siout
276 1045 344 1090 recipit
355 1046 419 1080 virtus
431 1045 569 1088 intellectualis,
585 1048 606 1079 ut
622 1045 700 1080 scientia
712 1048 730 1079 et
742 1055 780 1079 ars.
804 1045 853 1078 Nam

99 1103 216 1147 quicumque
227 1104 285 1138 habet
293 1102 386 1138 virtutem
394 1103 478 1146 aliquam
488 1103 586 1146 moralem,
599 1105 621 1137 nt
629 1102 782 1146 temperantiam,
795 1102 853 1137 habet

98 1157 162 1199 ipsam
174 1160 268 1200 quantum
281 1157 305 1190 ad
317 1158 386 1199 omnia,
401 1158 425 1190 ad
440 1167 489 1200 quae
503 1158 631 1199 temperantia
646 1167 666 1191 se
681 1157 772 1191 extendit.
796 1157 853 1197 Quod

98 1210 214 1242 descientia
230 1213 248 1242 et
262 1212 303 1241 arte
319 1219 358 1242 non
374 1211 476 1250 contingit3
493 1220 532 1242 non
547 1210 598 1242 enim
613 1211 730 1251 quicumque
745 1214 775 1243 est
789 1220 854 1251 gram-

99 1262 186 1307 maticus,
199 1261 234 1297 soit
246 1261 315 1305 omnia,
331 1272 380 1306 quae
394 1262 418 1296 ad
431 1261 581 1296 Gramrnaticam
593 1262 695 1306 pertinent.
720 1263 744 1296 Et
757 1262 784 1296 sio
795 1264 853 1305 patet,

99 1319 182 1363 qualiter
194 1320 284 1354 convenit
295 1319 421 1362 qualitatibus
433 1319 519 1362 recipere
530 1318 593 1363 magis
606 1322 624 1353 et
636 1318 706 1354 minus.

165 1374 234 1415 Tertio,
245 1374 444 1416 arcorimeproprium
450 1374 548 1416 qualitatis
555 1378 589 1415 est,
599 1375 705 1407 secundum
711 1374 764 1407 illam
771 1375 854 1416 aliquid

99 1427 141 1458 dtct
153 1427 220 1458 stuttte
231 1427 262 1458 vet
274 1427 382 1459 dissimile:
399 1427 448 1459 sicut
464 1427 566 1467 proprium
579 1428 692 1468 quantitatis
704 1430 734 1460 est
746 1429 853 1460 secundum

99 1478 152 1513 illam
167 1478 239 1523 aliquid
254 1478 291 1513 dici
306 1479 385 1523 aequale
401 1479 432 1513 vel
446 1478 551 1523 inaequale,
569 1481 588 1512 et
606 1478 731 1522 substantiae,
747 1479 854 1513 secundum

99 1536 152 1570 illam
165 1536 202 1570 dici
214 1536 265 1571 idem
278 1536 308 1571 vel
321 1537 427 1579 diuersum,
440 1540 461 1571 ut
470 1536 516 1572 dicit
524 1536 655 1580 Philosophus
663 1538 674 1571 t
682 1537 795 1581 tletcptps.
805 1547 819 1572 c.
828 1538 854 1572 15.

101 1591 154 1623 Haec
162 1590 213 1623 enim
222 1591 312 1624 dicuutur
321 1592 428 1624 secundum
436 1592 535 1624 unitatem.
553 1592 603 1624 Nam
612 1591 661 1624 sicut
669 1592 742 1625 dictum
751 1594 780 1625 est
789 1602 854 1633 supra,

99 1643 167 1674 eadem
180 1646 230 1682 sunt,
243 1653 327 1683 qnorum
341 1643 450 1675 substantia
462 1646 491 1675 est
499 1653 546 1683 nna;
559 1644 651 1685 aequalia,
663 1654 747 1685 quorum
756 1645 854 1685 quantitas

100 1697 130 1730 est
141 1705 188 1738 nna;
204 1698 223 1730 et
236 1695 310 1738 similia,
323 1705 408 1740 quorum
420 1695 503 1740 qualitas
515 1699 545 1729 est
556 1706 600 1730 una.
624 1695 677 1730 Sicut
688 1695 748 1740 igitur
760 1696 812 1730 idem
824 1705 855 1729 ne·

99 1753 185 1788 cessario
203 1753 328 1796 consequitur
346 1752 475 1788 substantiam
490 1756 589 1798 tamquam
605 1753 646 1789 eius
661 1753 727 1797 passio
743 1755 761 1788 et
776 1753 855 1798 aequale

100 1807 233 1848 quantitatem,
245 1807 272 1840 ita
284 1808 346 1840 simile
358 1811 377 1841 et
389 1808 484 1841 dissimile
496 1812 626 1850 consequetur
634 1809 746 1851 qualitatem
755 1811 854 1851 tamquam

100 1859 142 1891 eius
154 1859 234 1899 propria
245 1860 317 1899 passio.

166 1933 192 1970 Au
205 1945 267 1969 aarum
278 1944 325 1980 ergo
337 1936 390 1980 patet
402 1934 472 1971 solutio
484 1944 508 1971 ex
520 1934 581 1971 dictis.

136 2013 138 2016 -
165 1991 192 2025 An
205 2002 287 2024 sacurnuu
298 2003 378 2025 nicaunru
393 1993 446 2035 quod
458 1993 526 2027 albedo
538 2003 577 2027 non
589 1993 697 2027 intenditur
709 1994 816 2027 secundum
829 2003 854 2036 se,

101 2045 136 2077 sed
152 2048 227 2077 tantum
246 2046 353 2078 secundum
369 2046 536 2086 participationem
555 2047 640 2079 subiecti.
665 2047 754 2080 circulus
772 2057 819 2080 vero
837 2051 856 2080 et

100 2096 211 2138 triangulus
223 2099 293 2130 neutro
305 2097 363 2130 modo
375 2097 503 2130 intenduntur
515 2100 534 2130 et
545 2099 677 2131 remittuntur.

166 2151 193 2187 Α»
201 2162 271 2186 rrurruu
280 2163 360 2186 urrunnun
368 2151 420 2198 quod
429 2151 448 2188 in
458 2150 530 2188 diuinis
540 2150 646 2188 similitudo
658 2151 707 2189 sicut
718 2155 737 2189 et
749 2152 855 2198 aequalitas

100 2218 140 2241 non
153 2211 198 2242 sunt
211 2208 314 2243 relationes
326 2210 387 2243 reales
399 2209 491 2243 fundatae
503 2209 523 2242 in
531 2209 604 2244 unitate
614 2210 709 2252 specifica,
721 2213 742 2244 ut
751 2210 771 2243 in
780 2210 854 2252 creatis,

102 2261 136 2293 sed
152 2265 197 2293 sunt
211 2262 296 2294 rationes
311 2263 403 2295 fundatae
418 2263 437 2294 in
452 2262 525 2295 unitate
540 2263 639 2296 numerica
654 2264 763 2305 sapientiae,
782 2263 857 2304 magni-

101 2311 175 2345 tudinis
187 2315 221 2346 etc.
