1846 3062
329 181 454 214 rninrnrio
730 170 771 207 VH

15 289 123 328 novitates
139 285 255 335 cogitando
271 283 408 330 volendcque
424 282 497 330 eisque
511 281 615 319 Thomam
630 280 770 318 subiicienda.

15 355 75 399 Quae
90 354 108 391 si
122 352 154 390 ita
171 354 227 398 sunt,
245 351 337 399 apparet
355 350 420 396 atque
438 350 514 394 exstat,
532 357 584 385 vere
601 346 686 384 idoneis
705 350 770 394 atque

15 419 111 458 honestis
126 416 221 455 consiliis
236 416 366 453 instructam
380 424 426 451 esse
440 424 492 460 rem,
507 424 550 461 qua
562 413 610 461 ipsa
620 411 771 461 philosophiae

15 483 160 522 Thomisticae
175 481 273 529 exempla
288 489 392 527 germana
402 477 495 526 pacifico
506 478 602 515 omnium
612 477 661 515 usui
672 477 771 514 officiose

15 547 177 596 promittantur.

81 708 140 745 Haec
156 717 211 754 quae
227 706 321 742 diximus
336 703 402 741 animi
417 703 487 740 nostri
502 713 564 740 sensa
580 713 604 740 aa
617 702 697 751 placita
708 702 771 740 nobis

15 774 164 822 provenerunt
179 771 323 818 obsequenter
338 771 362 806 ut
381 769 441 806 decet
459 767 615 806 meditantibus
632 768 718 805 litteras
736 778 771 804 en·

16 837 109 887 cyclicas
128 836 207 874 Leonis
228 835 300 884 Papae
318 833 370 871 XIII
394 834 420 871 de
440 833 578 882 philosophia
599 832 724 870 christiana
744 832 772 869 ad

16 906 109 942 mentem
123 902 173 940 Divi
188 901 282 940 'rhomae
299 900 322 938 in
340 899 419 938 scholis
437 898 549 938 catholicis
566 899 715 937 instauranda.
742 899 771 937 Iis

15 981 108 1018 namque
123 969 202 1006 litteris
216 968 321 1006 memoria
332 970 419 1005 aeterna
430 967 502 1015 dignis
513 966 613 1004 Summus
622 966 659 1003 ille
669 965 771 1004 Pontifex

15 1040 37 1073 et
52 1035 135 1084 primus
149 1035 229 1072 Doctor
240 1033 350 1071 Ecclesiae
364 1032 412 1070 iure
427 1032 491 1081 plane
506 1043 545 1070 suo
559 1043 662 1080 magnam
677 1032 771 1081 optimae

15 1100 165 1149 philosophiae
176 1099 324 1148 quaestionem
333 1098 411 1147 posuit,
422 1097 530 1145 sustinuit,
545 1098 656 1147 persolvit.
680 1098 709 1135 Et
720 1096 771 1145 quia

16 1176 56 1214 pro
72 1176 123 1203 suae
138 1164 256 1213 sapientiae
276 1167 297 1201 et
314 1163 428 1212 potestatis
446 1163 581 1211 plenitudine
599 1162 704 1200 divinitus
722 1173 771 1199 con·

15 1230 104 1268 firmata
119 1229 212 1267 formam
222 1228 390 1277 philosophandi
399 1229 430 1266 ita
441 1228 583 1275 describebat,
598 1231 622 1265 ut
632 1227 771 1277 pontificium

15 1296 57 1333 hoo
68 1296 219 1332 documentum
228 1305 296 1342 usque
306 1294 374 1331 multa
382 1293 494 1331 hominum
501 1294 587 1331 saecula
596 1293 658 1341 quasi
666 1292 770 1330 vexillum

16 1359 126 1396 sublatura
140 1370 184 1396 non
197 1359 261 1395 modo
277 1358 404 1404 Themistas,
419 1359 457 1395 sed
472 1359 537 1395 etiam
550 1358 687 1395 Christianae
702 1357 771 1405 philo-

16 1422 105 1470 sophiae
125 1422 222 1458 alumnos
242 1433 316 1458 omnes
334 1421 507 1469 conquisiturum
525 1421 553 1458 sit
571 1424 592 1458 et
609 1425 771 1469 provecturum,

16 1487 65 1523 ideo
80 1485 193 1534 epistolam
207 1485 278 1533 ipsam
291 1496 375 1522 necnon
390 1486 436 1522 eius
451 1485 565 1523 mediisin
580 1486 648 1523 sacris
665 1485 772 1534 religiosi-

16 1561 76 1588 orem
94 1550 226 1588 sanctionem
243 1550 354 1588 —Breve
371 1550 427 1588 illud
444 1551 470 1587 de
488 1554 563 1588 sancto
581 1551 663 1588 Thoma
681 1551 772 1588 dicimus

16 1618 109 1665 patrono
125 1614 247 1653 studiorum
262 1611 384 1664 cooptando
399 1615 528 1665 —scriptis
543 1615 624 1654 nostris
638 1619 662 1654 ut
677 1615 772 1654 faustam

16 1682 146 1721 sententiam
160 1681 305 1731 praeficimus.

83 1759 129 1803 Qua
144 1759 166 1796 in
181 1770 246 1797 causa
261 1770 310 1797 cum
325 1770 390 1808 quam
407 1759 526 1809 plurimum
543 1761 618 1798 nostrai
637 1760 724 1798 intersit
741 1760 772 1797 iu-

17 1836 82 1862 venes
97 1824 187 1862 clericos
201 1824 224 1861 in
238 1836 263 1862 re
280 1825 374 1862 maxima
392 1837 436 1863 non
453 1836 534 1873 errare,
552 1836 588 1864 eos
607 1826 772 1874 diligentissime

16 1890 136 1936 hortamur,
153 1893 178 1926 ut
195 1890 330 1927 documentis
346 1890 391 1927 illis
408 1890 490 1938 iugiter
505 1891 607 1928 studeant
622 1894 643 1929 et
657 1891 772 1928 thesauros

16 1954 48 1990 ibi
62 1954 185 1991 reconditos
200 1954 242 1990 sibi
256 1954 374 1991 inveniant.
403 1955 482 2002 Magna
497 1955 554 1991 enim
572 1955 691 2003 sapientiae
709 1955 772 2003 copia

17 2019 44 2055 dc
54 2017 189 2065 Theologicis
204 2021 225 2055 et
239 2018 395 2067 philosophicis
409 2019 475 2056 rebus
489 2019 516 2056 iis
532 2020 661 2066 continetur,
675 2020 772 2058 nondum

16 2083 40 2120 in
55 2083 177 2121 ubertatem
191 2083 278 2132 prolata
293 2084 367 2121 onmis

83 2159 117 2197 Ad
131 2162 214 2197 tantam
228 2160 297 2208 igitur
313 2160 398 2209 copiam
411 2161 565 2209 reperiendum
582 2165 607 2199 ut
625 2162 772 2200 adolescentes

17 2224 182 2261 convenientius
197 2225 338 2273 adparentur‚
353 2228 374 2262 et
389 2226 531 2274 epistolarum
545 2229 618 2264 textus
628 2227 741 2276 speciebus
751 2232 773 2265 et

17 2288 87 2325 titulis
106 2289 246 2337 illustramus,
265 2293 286 2328 et
304 2291 371 2328 totius
390 2291 502 2329 doctrinae
516 2292 646 2330 Pontificiae
664 2293 773 2340 specimen

18 2352 45 2388 ab
64 2353 139 2390 eodem
153 2354 225 2391 Leone
243 2355 311 2392 veluti
329 2355 484 2393 adumbratum
501 2367 527 2393 ex
545 2356 645 2404 Epistola
663 2357 689 2393 de
706 2357 773 2394 rebus

17 2415 134 2454 Bavariae1
149 2421 246 2454 actutum
261 2418 356 2456 sistimus
371 2420 517 2467 inpromptu.
541 2421 597 2458 Ecce
612 2421 669 2457 enim
679 2420 773 2458 formam

18 2490 43 2516 ac
57 2491 156 2517 normam
170 2482 299 2520 instituendi
314 2484 413 2521 alumnos
427 2484 537 2521 Ecclesiae
548 2488 649 2522 accurate
661 2485 773 2523 delineans

18 2543 95 2582 Pastor
117 2549 138 2584 et
160 2547 291 2596 Praeceptor
313 2552 387 2586 noster
409 2549 480 2596 edicit,
501 2550 609 2597 quomodo
631 2561 668 2588 eos
690 2551 773 2588 erudiri

19 2642 150 2649 Ἠ

85 2700 91 2719 ¹
102 2699 178 2741 Epistola
191 2701 246 2741 Officio
258 2704 361 2735 sontissima
373 2702 406 2735 dat.
418 2705 445 2735 22.
457 2703 496 2736 Dec.
509 2705 557 2736 1887.
