1846 3062
331 137 438 177 QUAESTIO
449 137 501 169 XXl'l
523 137 644 170 ARTICULUS
656 137 669 168 V

387 315 509 348 *narremus
521 315 614 356 currrus
644 338 645 341 ¹

291 425 357 452 [Tituli
371 425 410 451 UNA
425 424 512 452 SCIENTlh
526 425 555 453 SIT
570 424 651 452 senrica
665 424 709 451 hLLl

152 530 162 550 n
175 529 244 557 oniurun
256 530 279 550 sic
291 528 395 551 pnocrnnrn.
418 518 499 551 Videtur
512 519 564 560 qnod
576 529 615 551 una
627 518 706 551 scientia
718 527 757 550 non
769 517 794 550 sit
806 518 876 550 certior

123 530 204 604 Aelia.
228 573 277 604 Nam
292 580 335 604 cum
351 571 446 604 certitudo
462 571 486 603 sit
501 570 636 604 determinatio
650 570 758 604 intellectus
770 570 795 603 ad
809 579 876 611 unum,

122 635 144 659 eo
153 628 182 659 est
190 625 285 659 certitudo
295 625 361 667 maior,
370 634 409 667 quo
417 628 447 658 est
454 624 526 658 fortius
534 624 559 668 id,
568 625 620 667 quod
629 624 744 659 determinat
753 624 876 658 intellectum.

123 680 160 716 Sed
172 679 192 714 in
205 680 295 715 onmibus
308 678 392 714 scientiis
404 679 429 723 id,
442 680 494 724 quod
507 683 573 715 causat
583 681 641 715 talem
649 680 834 722 determinationem,
847 682 877 714 est

122 746 180 771 cansa
191 736 296 771 intrinseca
310 736 344 778 rei,
359 746 408 780 (lirae
423 739 452 770 est
467 736 553 779 aequalis
567 737 587 770 in
603 736 694 771 omnibus
710 735 799 770 causatis.
823 736 876 778 Ergo

122 801 160 825 una
173 792 252 825 scientia
263 801 302 825 non
314 794 344 825 est
356 791 426 825 certior
438 791 479 824 alia.

188 847 203 879 2.
215 846 320 885 Panamara,
329 845 376 879 illud
383 845 510 879 videturesse
517 845 593 887 certius,
602 846 655 888 quod
662 845 727 878 minus
734 847 798 886 potest
804 845 877 878 habere

122 900 145 932 de
158 900 282 941 dubitatione
298 900 347 932 sicut
361 902 392 932 est
406 899 474 940 albius,
490 899 543 940 quod
554 901 584 932 est
595 898 653 940 nigro
664 898 814 939 impermixtius.
838 898 876 931 Sed

121 953 174 985 nulla
186 952 265 985 scicntia
276 953 334 985 habet
345 951 485 984 dubitationem
498 951 547 984 circa
562 960 588 991 ea,
603 961 687 993 qnorum
700 954 734 984 est,
758 951 811 992 Ergo
823 950 877 983 nulla

123 1004 201 1037 scientia
212 1005 242 1037 est
254 1004 324 1036 certior
337 1005 367 1036 vel
379 1004 471 1036 incertior
482 1003 524 1036 alia.

188 1077 221 1111 San
234 1088 296 1110 corma
308 1089 336 1110 rsr
347 1077 452 1111 auctoritas
464 1077 583 1120 Philosophi,
599 1077 632 1121 qui
645 1080 654 1111 l
665 1078 739 1112 Foster.
752 1087 766 1111 c
778 1079 799 1111 27
815 1077 876 1120 docet,

121 1132 173 1176 quod
185 1142 224 1167 una
237 1131 315 1167 scientia
327 1135 356 1168 est
368 1132 438 1167 certior
450 1132 492 1167 alia.

187 1211 284 1244 Rrsrornro
291 1221 370 1243 oicrxnnu
377 1211 429 1253 quod
436 1221 495 1244 unam
504 1211 603 1244 scientiam
612 1212 722 1254 tripliciter
730 1210 824 1254 contingit
832 1221 876 1245 esse

122 1264 223 1299 certiorem
233 1265 274 1307 alia,
282 1268 304 1299 11ῖ
312 1265 358 1299 dicit
366 1265 497 1308 Philosophus
506 1267 514 1298 1
524 1265 598 1300 Foster.
615 1266 664 1299 Nam
670 1266 744 1308 priano,
755 1265 787 1299 illa
797 1265 876 1300 scientia

121 1322 151 1352 est
163 1319 237 1360 certior,
250 1329 299 1360 quae
310 1319 356 1352 iacit
364 1319 413 1353 scire
422 1319 471 1361 qnia
481 1321 499 1352 et
505 1323 591 1361 propter
599 1320 653 1362 qicid,
667 1329 726 1361 quani
734 1329 761 1361 ea,
773 1329 822 1361 qnae
830 1319 876 1353 facit

122 1371 170 1405 scire
185 1372 235 1413 cilia
250 1373 354 1413 separatim
369 1375 474 1414 ayrrcpter
489 1373 544 1414 qiiicl.
567 1372 664 1414 Secunde,
680 1373 712 1405 illa
727 1373 811 1415 scientia,
826 1383 876 1415 quae

120 1434 159 1457 11011
171 1428 201 1457 est
213 1425 236 1457 de
248 1424 329 1457 materia
342 1425 433 1465 sensibili,
445 1428 467 1457 ut
475 1424 612 1466 hletaphysica,
624 1434 674 1466 quae
686 1428 715 1457 est
727 1425 751 1457 de
760 1425 875 1458 substantiis

120 1477 228 1517 abstractis,
241 1479 271 1509 est
283 1477 352 1510 certior
365 1486 391 1518 ea,
403 1487 453 1520 quae
465 1480 494 1510 est
506 1477 529 1510 de
541 1477 622 1510 materia
634 1477 726 1520 sensibili,
741 1480 763 1511 ut
775 1480 805 1511 est
816 1478 874 1511 Natu·

120 1531 172 1573 ralis,
189 1540 237 1574 quae
252 1534 282 1564 est
297 1531 320 1564 de
335 1541 416 1574 corpore
428 1531 520 1573 naturali3
534 1534 553 1565 et
565 1531 643 1574 Musica,
655 1540 705 1574 quae
717 1534 747 1566 est
758 1532 782 1566 de
793 1542 876 1566 numero

122 1595 199 1629 sonoro,
218 1588 248 1620 est
266 1585 358 1621 incertior
377 1596 435 1630 qnam
455 1586 585 1629 Arithinetica,
609 1597 654 1621 uam
676 1587 759 1630 applicat
780 1587 875 1631 principia

121 1641 242 1676 arithmetica
252 1642 276 1676 ad
288 1642 389 1677 materiam
402 1642 519 1685 sensibilem,
531 1646 578 1686 puta
589 1643 614 1677 ad
626 1652 701 1684 sonum,
714 1653 771 1686 aquo
780 1642 876 1677 abstrahit

120 1697 251 1731 Arithnretica.
271 1696 391 1731 incertitudo
399 1697 451 1731 eninr
463 1700 553 1731 causatur
565 1700 646 1740 propter
659 1697 876 1732 transactitcbilitatem

120 1751 219 1785 sintarine
224 1750 336 1792 sensibilis,
343 1751 394 1784 unde
401 1753 473 1793 quanto
480 1751 543 1793 magis
550 1751 646 1784 acceditur
653 1751 678 1784 ad
684 1753 789 1793 ean1,tanto
796 1751 876 1785 scicntia

120 1807 150 1837 est
161 1804 226 1838 minus
239 1807 295 1837 certa.
316 1804 385 1844 Tertio,
398 1804 430 1837 illa
439 1804 522 1846 scientia,
535 1814 584 1846 quac
592 1807 622 1838 est
631 1805 655 1837 de
662 1804 792 1846 paucioribus,
805 1805 876 1838 certior

120 1860 154 1898 est,
166 1859 188 1890 ut
200 1858 255 1890 dccet
267 1857 398 1898 Philosophus
410 1858 419 1889 1
432 1857 544 1899 Metcplrys.
557 1867 571 1890 c.
583 1859 598 1895 2,
611 1866 669 1898 quam
682 1866 709 1897 ea,
724 1867 773 1898 quae
785 1858 875 1891 sehabet

120 1919 144 1943 ex
155 1909 258 1952 additione,
271 1912 292 1942 ut
304 1909 434 1950 Arithnretica,
447 1918 505 1952 quani
518 1908 632 1943 Geometria.

185 1964 291 2007 Propterea
302 1973 349 1997 uero
361 1963 465 2007 praedictis
477 1964 541 1997 modis
550 1963 644 2007 contingit
652 1973 711 1998 unam
721 1963 819 1999 scientiam
831 1974 875 2000 esse

119 2019 222 2054 certiorem
234 2018 275 2061 alia,
287 2019 333 2063 quia
344 2019 376 2054 illa
388 2019 467 2054 scientia
480 2019 592 2063 simpliciter
604 2019 675 2055 dicitur
686 2020 761 2063 certior,
774 2030 823 2063 quae
831 2031 876 2064 pro-

120 2075 170 2108 cedit
184 2085 208 2108 ex
222 2074 332 2108 notioribus
348 2074 460 2116 simpliciter
478 2078 496 2108 et
512 2084 536 2108 ex
550 2074 660 2108 notioribus
674 2075 737 2109 nobis.
760 2075 877 2118 Dupliciter

119 2132 183 2163 autem
196 2131 260 2172 potest
272 2128 344 2172 aliquid
356 2138 400 2163 esse
414 2129 479 2163 notius
495 2128 531 2163 alio
547 2129 668 2171 simpliciter:
683 2140 724 2164 11110
739 2129 797 2164 niodo
813 2140 875 2165 cciise

119 2189 149 2217 est
161 2184 274 2226 simpliciter
285 2183 350 2217 notior
362 2183 441 2224 eftectu3
455 2183 497 2217 clio
508 2183 567 2216 modo
576 2184 642 2216 fornic
651 2186 680 2216 est
690 2184 803 2225 simpliciter
810 2185 876 2218 notior

119 2237 204 2278 materia,
217 2236 334 2278 principium
347 2235 398 2269 eninr
410 2235 539 2278 cognoscendi
551 2235 652 2269 materiam
665 2239 695 2269 est
706 2246 731 2269 ex
739 2236 808 2270 forma.
828 2238 876 2270 Illae

119 2299 166 2331 ergo
179 2290 273 2330 scientiae,
289 2299 338 2331 quae
353 2289 419 2322 dicunt
434 2290 707 2331 11111111111111101111111111,
725 2292 771 2322 sunt
782 2290 875 2324 certiores

119 2342 210 2384 scientiis,
222 2351 271 2384 quae
284 2342 350 2375 dicunt
362 2342 452 2376 effectam
460 2344 478 2375 et
486 2342 541 2384 cleia.
561 2342 663 2375 Praeterea
673 2344 718 2375 sunt
726 2342 818 2376 certiores
826 2342 875 2385 illae,

119 2406 168 2439 quae
180 2396 247 2430 dicunt
258 2396 347 2438 formam,
363 2405 422 2440 quarn
434 2405 483 2440 quae
495 2395 562 2430 dicunt
574 2395 680 2431 materiam.
703 2396 775 2431 Verum
787 2396 838 2441 quia,
853 2401 875 2432 ut

119 2452 250 2496 dilatandas.
259 2451 334 2494 dicitur,
347 2452 419 2495 duplex
431 2455 461 2487 est
472 2451 563 2486 materia:
575 2452 682 2496 scissibilis,
696 2455 717 2486 ut
729 2453 809 2488 materia
821 2457 876 2488 natu-

119 2508 171 2550 ralis,
184 2511 202 2541 et
214 2507 358 2551 intelliyibilis,
373 2510 394 2541 ut
406 2507 532 2541 continuitas:
545 2507 588 2541 ideo
601 2507 685 2550 scientia,
698 2518 747 2550 quae
759 2508 783 2542 ab
791 2511 876 2551 utraque

118 2561 199 2595 materia
211 2561 311 2603 abstrahit,
324 2564 353 2595 est
365 2562 435 2595 certior
447 2571 474 2603 ea,
486 2571 536 2603 quae
548 2571 588 2595 non
599 2562 695 2595 abstrahit
705 2561 744 2596 nisi
753 2563 777 2596 ab
784 2572 829 2596 una.
849 2562 876 2596 Ut

119 2616 256 2659 lletaphysica,
274 2626 323 2660 quae
342 2619 372 2650 est
390 2617 413 2650 de
429 2616 545 2650 substantiis
560 2617 668 2659 abstractis,
686 2619 716 2651 est
730 2616 801 2650 certior
815 2626 875 2659 quam

120 2671 233 2712 Geometria,
246 2680 295 2713 quae
307 2680 346 2704 non
357 2670 472 2703 abstrahite
481 2669 562 2703 materia
570 2669 690 2712 intelligibili.
712 2671 748 2703 Est
756 2673 820 2703 tamen
828 2670 876 2703 haec
