1846 3062
263 160 370 201 Qoarsno
382 161 424 192 xm
448 161 588 194 ,tn'rrmuusr
764 152 800 188 131

115 262 141 295 An
153 271 214 293 rnrnnn
227 270 268 293 raso
280 271 359 293 nunrnun
372 260 423 304 quod
436 260 583 303 de'nniversali,
595 260 648 303 (ruod
656 263 686 294 est
695 258 802 294 subiectum

51 317 145 354 scientiae.
157 316 362 359 praecognoscendum
371 318 405 358 est
414 325 438 350 an
447 315 477 350 sit.
498 315 611 351 Universale
619 316 675 357 enim,
688 318 709 350 nt
718 314 804 349 ostendit

50 371 181 413 Philosophus
193 372 203 404 6
215 370 327 413 nlateplnss.
340 380 354 414 e.
367 372 392 412 16,
404 380 443 403 non
456 370 521 405 existit
532 374 609 412 praeter
621 381 662 412 res;
675 370 741 404 existit
752 370 802 404 enim

49 428 69 459 in
82 424 215 467 singularibus
227 428 245 458 et
257 427 334 466 praeter
347 424 458 467 singularia.
821 428 823 430 ’

114 479 141 512 An
153 488 235 511 sneunnnn
246 489 326 510 nnzannuu
338 479 390 520 quod
403 479 510 512 subiectum
524 479 613 512 scientiae
626 479 660 512 Dei
672 479 743 512 (lioitnr
755 488 803 519 esse,

50 532 95 574 qnia
107 532 137 565 vel
150 535 179 565 est
190 532 209 564 in
222 535 265 564 aotu
278 533 308 564 vel
320 531 433 572 inpotentia
445 531 507 573 ipsius
517 531 551 564 Dei
564 533 593 565 vel
602 536 706 573 ornaturae,
718 532 761 565 lieet
769 542 804 565 neo

51 587 76 619 sit
87 595 122 618 neo
133 585 192 618 luerit
204 594 238 617 nee
250 585 337 618 futurum
352 584 381 617 sit.

356 721 443 755 Ne

204 875 365 921 QUAESTIO
382 875 650 916 DECIMASEPTIMA

187 988 220 1020 DE
234 987 472 1022 ouuousraarlouu
486 988 625 1022 SECUNDUM
639 989 669 1021 SE

311 1096 327 1115 1x
339 1096 378 1116 'runs
390 1096 477 1117 aurtmttos
489 1096 543 1117 invisa

52 1161 98 1184 Q),

53 1187 184 1262 §.strennus
198 1184 262 1215 autent
279 1181 314 1223 his,
333 1192 381 1224 qnae
399 1183 423 1215 de
441 1182 606 1215 demonstratione
624 1182 805 1224 praecognoscentia

55 1186 101 1310 Β
114 1235 235 1278 videbantur,
252 1235 383 1270 necessarium
398 1238 428 1270 est
442 1236 524 1280 aggredi
539 1236 562 1270 de
577 1236 620 1279 ipsa
634 1236 805 1270 demonstratione

54 1296 61 1305 '
83 1281 85 1291 ¹
115 1291 140 1324 Et
148 1291 218 1334 primo
230 1292 254 1325 de
266 1292 431 1326 demonstratione
443 1292 550 1326 seeundum
563 1302 588 1334 se
604 1295 622 1325 et
637 1292 710 1326 (lein-de
724 1292 748 1325 de
762 1302 806 1335 par-

52 1347 104 1380 tihus
116 1346 163 1380 eins.

118 1401 215 1439 Quantum
228 1401 288 1444 igitur
300 1403 324 1435 ad
336 1402 421 1443 prinunn
434 1403 503 1435 horum
516 1405 638 1444 quaeruntur
650 1401 692 1435 tria.

149 1455 224 1488 Primo:
237 1456 261 1488 de
273 1455 368 1489 divisione
381 1456 559 1489 demonstrationis

151 1508 249 1541 Secundo:
261 1509 284 1541 de
297 1518 390 1550 regressu
402 1509 580 1542 demonstrationis.

151 1561 224 1594 Tertio:
238 1562 261 1594 de
274 1562 439 1595 demonstratione
452 1562 558 1595 universali
570 1565 589 1595 et
601 1562 718 1603 partienlari.

51 1273 54 1281 ι

324 1701 445 1734 narremus
457 1701 537 1734 Furnos

115 1802 181 1830 [Vllum
197 1803 265 1831 [ntimo
282 1803 456 1831 oltaloh'dlrm'llon'ts
472 1803 490 1831 ln*
505 1803 550 1838 Qum
565 1804 587 1831 ht*
602 1803 687 1831 inmersa
701 1803 746 1838 Qtsstl·

319 1858 347 1885 stt*
361 1858 422 1886 authu
436 1858 541 1886 asthmata

53 1954 93 2027 An
101 1953 163 1976 rnnrnn
171 1955 194 1976 stc
202 1954 308 1977 PROClJDlTUR.
323 1944 404 1978 Videtur
412 1945 464 1987 quod
474 1944 544 1978 divisio
553 1944 725 1978 demonstrationis
731 1944 751 1977 iu
758 1944 807 1987 quid

94 2000 113 2031 et
121 2001 207 2040 propter
219 1999 269 2040 quid
280 2008 319 2031 non
332 1998 357 2031 sit
368 2001 419 2031 reete
431 1998 535 2039 assignata.
556 1998 605 2031 Dioit
614 1998 666 2031 enim
675 1997 807 2040 Philosophus

53 2051 148 2085 2Poster.
161 2061 175 2084 e.
187 2053 202 2091 i,
220 2052 273 2092 quod
288 2051 374 2084 medinm
389 2051 409 2084 iu
424 2051 589 2085 demonstratione
604 2055 634 2085 est
646 2052 700 2093 quod
712 2051 762 2093 quid
774 2054 807 2085 est.

54 2104 91 2137 Sed
103 2104 188 2136 medium
201 2104 373 2137 demonstrationis
386 2104 435 2146 qnia
447 2114 486 2137 non
498 2107 528 2137 est
540 2105 594 2146 praed
606 2104 656 2146 perid
668 2107 700 2144 est,
716 2106 738 2137 nt
750 2106 808 2146 patet.

54 2158 107 2199 Ergo
119 2157 259 2190 demonstratio
272 2158 321 2200 qum
332 2167 371 2190 non
384 2159 413 2191 est
425 2157 571 2199 demonstratio,
584 2160 603 2190 et
613 2157 640 2191 ita
652 2157 701 2190 male
714 2157 809 2190 dividitur

53 2211 192 2245 demonstratio
205 2211 225 2244 in
237 2211 422 2246 demonstrationem
435 2212 484 2255 quid
496 2214 514 2245 et
523 2214 610 2255 propter
621 2212 676 2255 qrtid.

118 2269 133 2302 2.
148 2268 254 2309 Paternum,
272 2278 330 2303 eausa
344 2278 383 2303 non
398 2270 462 2312 potest
477 2267 608 2303 demonstrari
620 2277 655 2311 per
667 2266 758 2301 eiieotum
771 2266 808 2301 sibi

47 2331 92 2357 'non
104 2324 278 2366 proportionatmn.
300 2325 337 2359 Sed
347 2324 410 2358 omnis
422 2334 480 2358 eausa
492 2325 550 2358 habet
562 2324 643 2358 effeetus
652 2333 691 2357 non
700 2323 809 2366 proportio-

53 2380 114 2420 uatos,
131 2388 188 2413 eausa
203 2380 254 2413 enim
270 2389 346 2423 semper
362 2379 493 2414 abuudantius
510 2382 528 2413 et
542 2379 648 2421 perieotius
663 2379 721 2412 habet
735 2378 809 2420 aliquid

54 2441 112 2474 quam
125 2436 230 2467 oausatum.
254 2436 307 2477 Ergo
319 2444 358 2468 non
370 2435 428 2468 datur
440 2434 580 2467 demonstratio
596 2434 649 2475 pratu,
666 2443 715 2475 qnae
730 2442 808 2466 oausam

53 2495 88 2527 per
100 2486 191 2520 effectum
203 2488 330 2522 demonstrat.

119 2542 134 2573 3.
141 2541 246 2581 Pmmrnm,
255 2543 337 2584 siphum
346 2545 413 2576 eontra
421 2552 498 2576 oausam
506 2541 601 2575 dividitur
610 2545 628 2574 et
635 2544 702 2574 eontra
708 2540 808 2580 effeetmu3

53 2603 98 2626 nam
110 2594 191 2628 effeetus
203 2598 233 2628 est
245 2606 282 2637 res,
298 2597 375 2638 signum
388 2598 453 2630 autem
465 2598 483 2629 et
495 2605 527 2629 res
542 2597 674 2637 opponuntur.
698 2594 736 2627 Sed
751 2595 809 2628 datm·

54 2647 194 2682 demonstratio
204 2659 217 2682 a
225 2650 289 2692 steno.
312 2651 365 2692 Ergo
377 2660 416 2683 non
429 2649 548 2683 sufficienter
561 2648 655 2682 dividitur
667 2648 809 2681 demonstratio

53 2700 73 2733 in
85 2702 135 2743 quio
146 2704 165 2735 et
174 2704 261 2745 propter
272 2704 326 2746 qrcid.
