<?xml version="1.0" encoding="UTF-8"?>
<!DOCTYPE html PUBLIC "-//W3C//DTD XHTML 1.0 Transitional//EN"
    "http://www.w3.org/TR/xhtml1/DTD/xhtml1-transitional.dtd">
<html xmlns="http://www.w3.org/1999/xhtml" xml:lang="en" lang="en">
 <head>
  <title>
</title>
<meta http-equiv="Content-Type" content="text/html;charset=utf-8" />
  <meta name='ocr-system' content='tesseract 3.04.00' />
  <meta name='ocr-capabilities' content='ocr_page ocr_carea ocr_par ocr_line ocrx_word'/>
</head>
<body>
  <div class='ocr_page' id='page_1' title='image "MN41855ucmf_7_0072.png"; bbox 0 0 1846 3062; ppageno 0'>
   <div class='ocr_carea' id='block_1_1' title="bbox 337 138 632 180">
    <p class='ocr_par' dir='ltr' id='par_1_1' title="bbox 337 138 632 180">
     <span class='ocr_line' id='line_1_1' title="bbox 337 138 632 180; baseline -0.007 -9"><span class='ocrx_word' id='word_1_1' title='bbox 337 138 443 180; x_wconf 76' lang='lat' dir='ltr'>QUAESTIO</span> <span class='ocrx_word' id='word_1_2' title='bbox 455 140 462 170; x_wconf 88' lang='grc' dir='ltr'>Ι</span> <span class='ocrx_word' id='word_1_3' title='bbox 485 138 606 171; x_wconf 76' lang='lat' dir='ltr'>ARTICULUS</span> <span class='ocrx_word' id='word_1_4' title='bbox 617 138 632 169; x_wconf 87' lang='lat' dir='ltr'><strong>V</strong></span> 
     </span>
    </p>
   </div>
   <div class='ocr_carea' id='block_1_2' title="bbox 62 234 892 2708">
    <p class='ocr_par' dir='ltr' id='par_1_2' title="bbox 108 234 860 374">
     <span class='ocr_line' id='line_1_2' title="bbox 174 234 860 276; baseline -0.001 -8"><span class='ocrx_word' id='word_1_5' title='bbox 174 236 207 269; x_wconf 81' lang='lat' dir='ltr'>San</span> <span class='ocrx_word' id='word_1_6' title='bbox 220 246 282 267; x_wconf 66' lang='grc'><strong>11011111</strong></span> <span class='ocrx_word' id='word_1_7' title='bbox 293 245 321 266; x_wconf 80' lang='lat' dir='ltr'>nsr</span> <span class='ocrx_word' id='word_1_8' title='bbox 333 235 386 276; x_wconf 88' lang='lat' dir='ltr'>quod</span> <span class='ocrx_word' id='word_1_9' title='bbox 398 235 529 276; x_wconf 86' lang='lat' dir='ltr'>Philosophus</span> <span class='ocrx_word' id='word_1_10' title='bbox 541 234 587 268; x_wconf 92' lang='lat' dir='ltr'>dicit</span> <span class='ocrx_word' id='word_1_11' title='bbox 599 236 620 268; x_wconf 88' lang='lat'>10</span> <span class='ocrx_word' id='word_1_12' title='bbox 630 234 742 276; x_wconf 61' lang='lat' dir='ltr'>tiletapltps.</span> <span class='ocrx_word' id='word_1_13' title='bbox 754 243 768 267; x_wconf 94' lang='lat' dir='ltr'>c.</span> <span class='ocrx_word' id='word_1_14' title='bbox 780 235 794 274; x_wconf 81' lang='lat'>3,</span> <span class='ocrx_word' id='word_1_15' title='bbox 807 235 860 276; x_wconf 85' lang='lat' dir='ltr'>quod</span> 
     </span>
     <span class='ocr_line' id='line_1_3' title="bbox 108 286 860 329; baseline -0.001 -8"><span class='ocrx_word' id='word_1_16' title='bbox 108 288 217 321; x_wconf 91' lang='lat' dir='ltr'>dialecticus</span> <span class='ocrx_word' id='word_1_17' title='bbox 235 292 253 320; x_wconf 91' lang='lat' dir='ltr'>et</span> <span class='ocrx_word' id='word_1_18' title='bbox 270 287 357 329; x_wconf 82' lang='lat' dir='ltr'>sophista</span> <span class='ocrx_word' id='word_1_19' title='bbox 374 290 479 320; x_wconf 80' lang='lat' dir='ltr'>versantur</span> <span class='ocrx_word' id='word_1_20' title='bbox 497 288 546 321; x_wconf 87' lang='lat' dir='ltr'>circa</span> <span class='ocrx_word' id='word_1_21' title='bbox 563 286 685 328; x_wconf 88' lang='lat' dir='ltr'>intentiones,</span> <span class='ocrx_word' id='word_1_22' title='bbox 703 296 752 328; x_wconf 88' lang='lat' dir='ltr'>quae</span> <span class='ocrx_word' id='word_1_23' title='bbox 771 286 860 321; x_wconf 88' lang='lat' dir='ltr'>accidunt</span> 
     </span>
     <span class='ocr_line' id='line_1_4' title="bbox 108 341 288 374; baseline 0 -1"><span class='ocrx_word' id='word_1_24' title='bbox 108 342 185 374; x_wconf 90' lang='lat' dir='ltr'>entibus</span> <span class='ocrx_word' id='word_1_25' title='bbox 198 341 288 374; x_wconf 89' lang='lat' dir='ltr'>realibus.</span> 
     </span>
    </p>

    <p class='ocr_par' dir='ltr' id='par_1_3' title="bbox 107 392 860 766">
     <span class='ocr_line' id='line_1_5' title="bbox 173 392 860 436; baseline 0.003 -11"><span class='ocrx_word' id='word_1_26' title='bbox 173 394 271 426; x_wconf 74' lang='lat' dir='ltr'>Rrsroxcao</span> <span class='ocrx_word' id='word_1_27' title='bbox 283 403 362 425; x_wconf 77' lang='lat' dir='ltr'>nrcrxuuu</span> <span class='ocrx_word' id='word_1_28' title='bbox 374 394 427 436; x_wconf 82' lang='lat' dir='ltr'>quod</span> <span class='ocrx_word' id='word_1_29' title='bbox 439 393 535 428; x_wconf 87' lang='lat' dir='ltr'>obiectum</span> <span class='ocrx_word' id='word_1_30' title='bbox 547 392 605 426; x_wconf 90' lang='lat' dir='ltr'>huius</span> <span class='ocrx_word' id='word_1_31' title='bbox 618 393 716 427; x_wconf 88' lang='lat' dir='ltr'>doctrinae</span> <span class='ocrx_word' id='word_1_32' title='bbox 728 396 758 428; x_wconf 88' lang='lat' dir='ltr'>est</span> <span class='ocrx_word' id='word_1_33' title='bbox 769 404 804 428; x_wconf 92' lang='lat' dir='ltr'>ens</span> <span class='ocrx_word' id='word_1_34' title='bbox 816 394 860 427; x_wconf 88' lang='lat' dir='ltr'>rati-</span> 
     </span>
     <span class='ocr_line' id='line_1_6' title="bbox 108 447 860 490; baseline -0.001 -9"><span class='ocrx_word' id='word_1_35' title='bbox 108 447 155 482; x_wconf 86' lang='lat' dir='ltr'>onis.</span> <span class='ocrx_word' id='word_1_36' title='bbox 175 447 204 481; x_wconf 76' lang='lat' dir='ltr'>nd</span> <span class='ocrx_word' id='word_1_37' title='bbox 216 447 271 481; x_wconf 88' lang='lat' dir='ltr'>cuius</span> <span class='ocrx_word' id='word_1_38' title='bbox 283 447 400 482; x_wconf 88' lang='lat' dir='ltr'>evidentiam</span> <span class='ocrx_word' id='word_1_39' title='bbox 410 448 572 482; x_wconf 90' lang='lat' dir='ltr'>considerandum</span> <span class='ocrx_word' id='word_1_40' title='bbox 585 451 620 489; x_wconf 87' lang='lat' dir='ltr'>est,</span> <span class='ocrx_word' id='word_1_41' title='bbox 632 448 685 490; x_wconf 88' lang='lat' dir='ltr'>quod</span> <span class='ocrx_word' id='word_1_42' title='bbox 697 457 732 481; x_wconf 91' lang='lat' dir='ltr'>ens</span> <span class='ocrx_word' id='word_1_43' title='bbox 744 451 774 482; x_wconf 92' lang='lat' dir='ltr'>est</span> <span class='ocrx_word' id='word_1_44' title='bbox 782 448 860 489; x_wconf 79' lang='lat' dir='ltr'>duplex,</span> 
     </span>
     <span class='ocr_line' id='line_1_7' title="bbox 108 500 860 544; baseline 0.003 -11"><span class='ocrx_word' id='word_1_45' title='bbox 108 504 187 535; x_wconf 90' lang='lat' dir='ltr'>naturae</span> <span class='ocrx_word' id='word_1_46' title='bbox 199 503 218 534; x_wconf 92' lang='lat' dir='ltr'>et</span> <span class='ocrx_word' id='word_1_47' title='bbox 229 500 316 535; x_wconf 86' lang='lat' dir='ltr'>rationis.</span> <span class='ocrx_word' id='word_1_48' title='bbox 340 501 381 535; x_wconf 85' lang='lat' dir='ltr'>Ens</span> <span class='ocrx_word' id='word_1_49' title='bbox 393 505 457 536; x_wconf 82' lang='lat' dir='ltr'>auteur</span> <span class='ocrx_word' id='word_1_50' title='bbox 470 501 550 536; x_wconf 90' lang='lat' dir='ltr'>rationis</span> <span class='ocrx_word' id='word_1_51' title='bbox 566 500 637 535; x_wconf 87' lang='lat' dir='ltr'>dicitur</span> <span class='ocrx_word' id='word_1_52' title='bbox 651 501 730 544; x_wconf 87' lang='lat' dir='ltr'>proprie</span> <span class='ocrx_word' id='word_1_53' title='bbox 745 501 769 536; x_wconf 90' lang='lat' dir='ltr'>de</span> <span class='ocrx_word' id='word_1_54' title='bbox 782 500 820 535; x_wconf 91' lang='lat' dir='ltr'>illis</span> <span class='ocrx_word' id='word_1_55' title='bbox 832 501 860 535; x_wconf 94' lang='lat' dir='ltr'>in-</span> 
     </span>
     <span class='ocr_line' id='line_1_8' title="bbox 107 555 860 599; baseline 0.001 -10"><span class='ocrx_word' id='word_1_56' title='bbox 107 555 230 599; x_wconf 79' lang='lat' dir='ltr'>tentionibus,</span> <span class='ocrx_word' id='word_1_57' title='bbox 246 565 295 599; x_wconf 85' lang='lat' dir='ltr'>quas</span> <span class='ocrx_word' id='word_1_58' title='bbox 310 556 359 591; x_wconf 89' lang='lat' dir='ltr'>ratio</span> <span class='ocrx_word' id='word_1_59' title='bbox 376 556 475 591; x_wconf 82' lang='lat' dir='ltr'>adinvenit</span> <span class='ocrx_word' id='word_1_60' title='bbox 489 555 509 590; x_wconf 91' lang='lat' dir='ltr'>in</span> <span class='ocrx_word' id='word_1_61' title='bbox 524 556 583 590; x_wconf 93' lang='lat' dir='ltr'>rebus</span> <span class='ocrx_word' id='word_1_62' title='bbox 599 555 731 599; x_wconf 91' lang='lat' dir='ltr'>consideratis,</span> <span class='ocrx_word' id='word_1_63' title='bbox 751 556 800 591; x_wconf 91' lang='lat' dir='ltr'>sicut</span> <span class='ocrx_word' id='word_1_64' title='bbox 815 559 860 591; x_wconf 92' lang='lat' dir='ltr'>sunt</span> 
     </span>
     <span class='ocr_line' id='line_1_9' title="bbox 107 610 860 655; baseline 0.001 -11"><span class='ocrx_word' id='word_1_65' title='bbox 107 610 187 645; x_wconf 89' lang='lat' dir='ltr'>intentio</span> <span class='ocrx_word' id='word_1_66' title='bbox 199 611 282 654; x_wconf 82' lang='lat' dir='ltr'>generis,</span> <span class='ocrx_word' id='word_1_67' title='bbox 296 611 365 655; x_wconf 89' lang='lat' dir='ltr'>speciei</span> <span class='ocrx_word' id='word_1_68' title='bbox 377 615 396 647; x_wconf 88' lang='lat' dir='ltr'>et</span> <span class='ocrx_word' id='word_1_69' title='bbox 409 612 506 652; x_wconf 87' lang='lat' dir='ltr'>similium,</span> <span class='ocrx_word' id='word_1_70' title='bbox 518 622 567 655; x_wconf 80' lang='lat' dir='ltr'>quae</span> <span class='ocrx_word' id='word_1_71' title='bbox 579 621 618 646; x_wconf 94' lang='lat' dir='ltr'>non</span> <span class='ocrx_word' id='word_1_72' title='bbox 630 612 756 646; x_wconf 88' lang='lat' dir='ltr'>inveniuntur</span> <span class='ocrx_word' id='word_1_73' title='bbox 764 611 784 645; x_wconf 90' lang='lat' dir='ltr'>in</span> <span class='ocrx_word' id='word_1_74' title='bbox 793 621 860 645; x_wconf 87' lang='lat' dir='ltr'>rerum</span> 
     </span>
     <span class='ocr_line' id='line_1_10' title="bbox 107 665 860 710; baseline 0.001 -12"><span class='ocrx_word' id='word_1_75' title='bbox 107 669 181 707; x_wconf 91' lang='lat' dir='ltr'>natura,</span> <span class='ocrx_word' id='word_1_76' title='bbox 197 667 231 701; x_wconf 91' lang='lat' dir='ltr'>sed</span> <span class='ocrx_word' id='word_1_77' title='bbox 246 670 392 710; x_wconf 88' lang='lat' dir='ltr'>consequuntur</span> <span class='ocrx_word' id='word_1_78' title='bbox 409 666 582 702; x_wconf 76' lang='lat' dir='ltr'>considerationem</span> <span class='ocrx_word' id='word_1_79' title='bbox 599 666 686 701; x_wconf 88' lang='lat' dir='ltr'>rationis.</span> <span class='ocrx_word' id='word_1_80' title='bbox 712 668 736 701; x_wconf 84' lang='lat' dir='ltr'>Et</span> <span class='ocrx_word' id='word_1_81' title='bbox 748 665 860 700; x_wconf 87' lang='lat' dir='ltr'>huiusmodi</span> 
     </span>
     <span class='ocr_line' id='line_1_11' title="bbox 107 721 483 766; baseline 0.008 -13"><span class='ocrx_word' id='word_1_82' title='bbox 107 730 142 754; x_wconf 88' lang='lat' dir='ltr'>ens</span> <span class='ocrx_word' id='word_1_83' title='bbox 154 723 184 755; x_wconf 89' lang='lat' dir='ltr'>est</span> <span class='ocrx_word' id='word_1_84' title='bbox 195 721 275 764; x_wconf 83' lang='lat' dir='ltr'>proprie</span> <span class='ocrx_word' id='word_1_85' title='bbox 288 722 383 756; x_wconf 91' lang='lat' dir='ltr'>obiectum</span> <span class='ocrx_word' id='word_1_86' title='bbox 397 722 483 766; x_wconf 88' lang='lat' dir='ltr'>Logicae.</span> 
     </span>
    </p>

    <p class='ocr_par' dir='ltr' id='par_1_4' title="bbox 107 774 861 1352">
     <span class='ocr_line' id='line_1_12' title="bbox 173 774 860 819; baseline 0 -10"><span class='ocrx_word' id='word_1_87' title='bbox 173 775 229 814; x_wconf 80' lang='lat' dir='ltr'>Quod</span> <span class='ocrx_word' id='word_1_88' title='bbox 238 776 361 810; x_wconf 75' lang='lat' dir='ltr'>manifestum</span> <span class='ocrx_word' id='word_1_89' title='bbox 373 786 416 810; x_wconf 88' lang='lat' dir='ltr'>esse</span> <span class='ocrx_word' id='word_1_90' title='bbox 424 779 488 819; x_wconf 87' lang='lat' dir='ltr'>potest</span> <span class='ocrx_word' id='word_1_91' title='bbox 500 785 524 809; x_wconf 82' lang='lat' dir='ltr'>ex</span> <span class='ocrx_word' id='word_1_92' title='bbox 531 775 575 818; x_wconf 86' lang='lat' dir='ltr'>ipsa</span> <span class='ocrx_word' id='word_1_93' title='bbox 584 775 659 808; x_wconf 87' lang='lat' dir='ltr'>ratione</span> <span class='ocrx_word' id='word_1_94' title='bbox 668 774 742 809; x_wconf 88' lang='lat' dir='ltr'>obiecti.</span> <span class='ocrx_word' id='word_1_95' title='bbox 758 775 860 809; x_wconf 86' lang='lat' dir='ltr'>Obiectum</span> 
     </span>
     <span class='ocr_line' id='line_1_13' title="bbox 108 829 859 872; baseline 0.001 -10"><span class='ocrx_word' id='word_1_96' title='bbox 108 829 159 863; x_wconf 90' lang='lat' dir='ltr'>enim</span> <span class='ocrx_word' id='word_1_97' title='bbox 171 830 229 863; x_wconf 90' lang='lat' dir='ltr'>habet</span> <span class='ocrx_word' id='word_1_98' title='bbox 240 830 264 863; x_wconf 90' lang='lat' dir='ltr'>ad</span> <span class='ocrx_word' id='word_1_99' title='bbox 277 830 376 863; x_wconf 89' lang='lat' dir='ltr'>scientiam</span> <span class='ocrx_word' id='word_1_100' title='bbox 393 830 417 864; x_wconf 89' lang='lat' dir='ltr'>ad</span> <span class='ocrx_word' id='word_1_101' title='bbox 432 830 497 863; x_wconf 88' lang='lat' dir='ltr'>minus</span> <span class='ocrx_word' id='word_1_102' title='bbox 510 832 548 864; x_wconf 75' lang='lat' dir='ltr'>tres</span> <span class='ocrx_word' id='word_1_103' title='bbox 560 829 719 871; x_wconf 82' lang='lat' dir='ltr'>comparationes,</span> <span class='ocrx_word' id='word_1_104' title='bbox 743 829 813 864; x_wconf 76' lang='lat' dir='ltr'>Prima</span> <span class='ocrx_word' id='word_1_105' title='bbox 825 833 859 872; x_wconf 88' lang='lat' dir='ltr'>est,</span> 
     </span>
     <span class='ocr_line' id='line_1_14' title="bbox 108 883 859 927; baseline 0.003 -11"><span class='ocrx_word' id='word_1_106' title='bbox 108 884 160 925; x_wconf 85' lang='lat' dir='ltr'>quod</span> <span class='ocrx_word' id='word_1_107' title='bbox 178 893 303 927; x_wconf 84' lang='lat' dir='ltr'>quaecunque</span> <span class='ocrx_word' id='word_1_108' title='bbox 321 887 367 918; x_wconf 87' lang='lat' dir='ltr'>sunt</span> <span class='ocrx_word' id='word_1_109' title='bbox 382 884 403 917; x_wconf 89' lang='lat' dir='ltr'>in</span> <span class='ocrx_word' id='word_1_110' title='bbox 421 884 505 925; x_wconf 88' lang='lat' dir='ltr'>scientia,</span> <span class='ocrx_word' id='word_1_111' title='bbox 522 884 594 917; x_wconf 90' lang='lat' dir='ltr'>debent</span> <span class='ocrx_word' id='word_1_112' title='bbox 611 883 704 917; x_wconf 76' lang='lat' dir='ltr'>contineri</span> <span class='ocrx_word' id='word_1_113' title='bbox 724 885 760 917; x_wconf 91' lang='lat' dir='ltr'>sub</span> <span class='ocrx_word' id='word_1_114' title='bbox 775 883 859 924; x_wconf 81' lang='lat' dir='ltr'>obiect03</span> 
     </span>
     <span class='ocr_line' id='line_1_15' title="bbox 107 937 859 980; baseline -0.001 -9"><span class='ocrx_word' id='word_1_115' title='bbox 107 938 196 971; x_wconf 65' lang='lat' dir='ltr'>sacranda</span> <span class='ocrx_word' id='word_1_116' title='bbox 204 940 238 979; x_wconf 91' lang='lat' dir='ltr'>est,</span> <span class='ocrx_word' id='word_1_117' title='bbox 251 939 303 980; x_wconf 86' lang='lat' dir='ltr'>quod</span> <span class='ocrx_word' id='word_1_118' title='bbox 315 938 385 971; x_wconf 88' lang='lat' dir='ltr'>obiecti</span> <span class='ocrx_word' id='word_1_119' title='bbox 397 937 480 980; x_wconf 80' lang='lat' dir='ltr'>cognitio</span> <span class='ocrx_word' id='word_1_120' title='bbox 488 937 620 979; x_wconf 80' lang='lat' dir='ltr'>principaliter</span> <span class='ocrx_word' id='word_1_121' title='bbox 628 938 734 971; x_wconf 89' lang='lat' dir='ltr'>attenditur</span> <span class='ocrx_word' id='word_1_122' title='bbox 742 937 762 970; x_wconf 91' lang='lat' dir='ltr'>in</span> <span class='ocrx_word' id='word_1_123' title='bbox 771 937 859 978; x_wconf 83' lang='lat' dir='ltr'>scientia3</span> 
     </span>
     <span class='ocr_line' id='line_1_16' title="bbox 108 990 861 1033; baseline 0 -9"><span class='ocrx_word' id='word_1_124' title='bbox 108 991 169 1025; x_wconf 75' lang='lat' dir='ltr'>tertia</span> <span class='ocrx_word' id='word_1_125' title='bbox 181 994 215 1031; x_wconf 93' lang='lat' dir='ltr'>est,</span> <span class='ocrx_word' id='word_1_126' title='bbox 227 992 280 1033; x_wconf 83' lang='lat' dir='ltr'>quod</span> <span class='ocrx_word' id='word_1_127' title='bbox 292 1001 327 1033; x_wconf 91' lang='lat' dir='ltr'>per</span> <span class='ocrx_word' id='word_1_128' title='bbox 339 991 436 1025; x_wconf 89' lang='lat' dir='ltr'>obiectum</span> <span class='ocrx_word' id='word_1_129' title='bbox 448 991 574 1033; x_wconf 83' lang='lat' dir='ltr'>distinguitur</span> <span class='ocrx_word' id='word_1_130' title='bbox 587 990 666 1024; x_wconf 88' lang='lat' dir='ltr'>scientia</span> <span class='ocrx_word' id='word_1_131' title='bbox 678 992 702 1025; x_wconf 84' lang='lat' dir='ltr'>ab</span> <span class='ocrx_word' id='word_1_132' title='bbox 715 990 805 1024; x_wconf 90' lang='lat' dir='ltr'>omnibus</span> <span class='ocrx_word' id='word_1_133' title='bbox 818 990 861 1024; x_wconf 88' lang='lat' dir='ltr'>aliis</span> 
     </span>
     <span class='ocr_line' id='line_1_17' title="bbox 108 1044 860 1086; baseline 0.003 -10"><span class='ocrx_word' id='word_1_134' title='bbox 108 1044 198 1078; x_wconf 89' lang='lat' dir='ltr'>scientiis.</span> <span class='ocrx_word' id='word_1_135' title='bbox 222 1044 260 1078; x_wconf 87' lang='lat' dir='ltr'>Sed</span> <span class='ocrx_word' id='word_1_136' title='bbox 272 1046 307 1078; x_wconf 89' lang='lat' dir='ltr'>has</span> <span class='ocrx_word' id='word_1_137' title='bbox 319 1045 474 1086; x_wconf 86' lang='lat' dir='ltr'>comparationes</span> <span class='ocrx_word' id='word_1_138' title='bbox 486 1045 544 1077; x_wconf 88' lang='lat' dir='ltr'>habet</span> <span class='ocrx_word' id='word_1_139' title='bbox 555 1054 590 1077; x_wconf 92' lang='lat' dir='ltr'>ens</span> <span class='ocrx_word' id='word_1_140' title='bbox 606 1044 692 1086; x_wconf 80' lang='lat' dir='ltr'>rationis,</span> <span class='ocrx_word' id='word_1_141' title='bbox 707 1047 729 1077; x_wconf 92' lang='lat' dir='ltr'>ut</span> <span class='ocrx_word' id='word_1_142' title='bbox 744 1047 773 1077; x_wconf 86' lang='lat' dir='ltr'>est</span> <span class='ocrx_word' id='word_1_143' title='bbox 789 1044 860 1078; x_wconf 86' lang='lat' dir='ltr'>modus</span> 
     </span>
     <span class='ocr_line' id='line_1_18' title="bbox 108 1097 860 1139; baseline 0 -9"><span class='ocrx_word' id='word_1_144' title='bbox 108 1097 184 1137; x_wconf 86' lang='lat' dir='ltr'>sciendi,</span> <span class='ocrx_word' id='word_1_145' title='bbox 197 1098 221 1130; x_wconf 88' lang='lat' dir='ltr'>ad</span> <span class='ocrx_word' id='word_1_146' title='bbox 234 1097 330 1139; x_wconf 79' lang='lat' dir='ltr'>Logicanr.</span> <span class='ocrx_word' id='word_1_147' title='bbox 353 1098 402 1130; x_wconf 88' lang='lat' dir='ltr'>Nam</span> <span class='ocrx_word' id='word_1_148' title='bbox 418 1098 525 1130; x_wconf 88' lang='lat' dir='ltr'>secundum</span> <span class='ocrx_word' id='word_1_149' title='bbox 540 1098 592 1138; x_wconf 87' lang='lat' dir='ltr'>quod</span> <span class='ocrx_word' id='word_1_150' title='bbox 608 1100 638 1130; x_wconf 90' lang='lat' dir='ltr'>est</span> <span class='ocrx_word' id='word_1_151' title='bbox 652 1098 724 1130; x_wconf 89' lang='lat' dir='ltr'>docens</span> <span class='ocrx_word' id='word_1_152' title='bbox 740 1099 797 1139; x_wconf 88' lang='lat' dir='ltr'>atque</span> <span class='ocrx_word' id='word_1_153' title='bbox 812 1097 860 1131; x_wconf 89' lang='lat' dir='ltr'>adeo</span> 
     </span>
     <span class='ocr_line' id='line_1_19' title="bbox 108 1149 860 1191; baseline 0.001 -9"><span class='ocrx_word' id='word_1_154' title='bbox 108 1149 191 1191; x_wconf 91' lang='lat' dir='ltr'>scientia,</span> <span class='ocrx_word' id='word_1_155' title='bbox 200 1153 230 1183; x_wconf 88' lang='lat' dir='ltr'>est</span> <span class='ocrx_word' id='word_1_156' title='bbox 238 1151 261 1182; x_wconf 92' lang='lat' dir='ltr'>de</span> <span class='ocrx_word' id='word_1_157' title='bbox 270 1150 361 1183; x_wconf 89' lang='lat' dir='ltr'>secundis</span> <span class='ocrx_word' id='word_1_158' title='bbox 369 1150 509 1183; x_wconf 87' lang='lat' dir='ltr'>intentionibus</span> <span class='ocrx_word' id='word_1_159' title='bbox 518 1150 670 1183; x_wconf 84' lang='lat' dir='ltr'>demonstrative</span> <span class='ocrx_word' id='word_1_160' title='bbox 678 1151 747 1183; x_wconf 88' lang='lat' dir='ltr'>modos</span> <span class='ocrx_word' id='word_1_161' title='bbox 756 1149 860 1183; x_wconf 88' lang='lat' dir='ltr'>instituens</span> 
     </span>
     <span class='ocr_line' id='line_1_20' title="bbox 107 1202 859 1244; baseline 0 -9"><span class='ocrx_word' id='word_1_162' title='bbox 107 1212 142 1243; x_wconf 88' lang='lat' dir='ltr'>per</span> <span class='ocrx_word' id='word_1_163' title='bbox 148 1202 190 1235; x_wconf 90' lang='lat' dir='ltr'>illas</span> <span class='ocrx_word' id='word_1_164' title='bbox 196 1203 291 1244; x_wconf 87' lang='lat' dir='ltr'>arguendi</span> <span class='ocrx_word' id='word_1_165' title='bbox 298 1203 430 1244; x_wconf 70' lang='lat' dir='ltr'>probabiliter,</span> <span class='ocrx_word' id='word_1_166' title='bbox 438 1206 553 1244; x_wconf 81' lang='lat' dir='ltr'>apparenter</span> <span class='ocrx_word' id='word_1_167' title='bbox 560 1205 579 1236; x_wconf 90' lang='lat' dir='ltr'>et</span> <span class='ocrx_word' id='word_1_168' title='bbox 585 1202 743 1236; x_wconf 80' lang='lat' dir='ltr'>demmrstrative.</span> <span class='ocrx_word' id='word_1_169' title='bbox 754 1204 771 1236; x_wconf 78' lang='lat' dir='ltr'>A</span> <span class='ocrx_word' id='word_1_170' title='bbox 776 1212 859 1244; x_wconf 87' lang='lat' dir='ltr'>quorum</span> 
     </span>
     <span class='ocr_line' id='line_1_21' title="bbox 107 1248 861 1299; baseline 0.001 -11"><span class='ocrx_word' id='word_1_171' title='bbox 107 1258 206 1297; x_wconf 86' lang='lat' dir='ltr'>postremo</span> <span class='ocrx_word' id='word_1_172' title='bbox 218 1256 261 1297; x_wconf 85' lang='lat' dir='ltr'>ipsa</span> <span class='ocrx_word' id='word_1_173' title='bbox 270 1256 340 1289; x_wconf 90' lang='lat' dir='ltr'>dicitur</span> <span class='ocrx_word' id='word_1_174' title='bbox 352 1265 363 1289; x_wconf 91' lang='lat' dir='ltr'>a</span> <span class='ocrx_word' id='word_1_175' title='bbox 374 1255 491 1298; x_wconf 85' lang='lat' dir='ltr'>Philosopho</span> <span class='ocrx_word' id='word_1_176' title='bbox 503 1256 574 1290; x_wconf 84' lang='lat' dir='ltr'>modus</span> <span class='ocrx_word' id='word_1_177' title='bbox 587 1255 664 1290; x_wconf 88' lang='lat' dir='ltr'>sciendi.</span> <span class='ocrx_word' id='word_1_178' title='bbox 685 1256 709 1289; x_wconf 88' lang='lat' dir='ltr'>Et</span> <span class='ocrx_word' id='word_1_179' title='bbox 720 1256 821 1299; x_wconf 87' lang='lat' dir='ltr'>perillum</span> <span class='ocrx_word' id='word_1_180' title='bbox 833 1248 861 1289; x_wconf 86' lang='lat' dir='ltr'>di-</span> 
     </span>
     <span class='ocr_line' id='line_1_22' title="bbox 108 1309 572 1352; baseline 0.002 -9"><span class='ocrx_word' id='word_1_181' title='bbox 108 1309 214 1352; x_wconf 77' lang='lat' dir='ltr'>stinguitur</span> <span class='ocrx_word' id='word_1_182' title='bbox 225 1311 249 1344; x_wconf 84' lang='lat' dir='ltr'>ab</span> <span class='ocrx_word' id='word_1_183' title='bbox 262 1310 304 1344; x_wconf 87' lang='lat' dir='ltr'>aliis</span> <span class='ocrx_word' id='word_1_184' title='bbox 317 1310 407 1349; x_wconf 87' lang='lat' dir='ltr'>scientiis,</span> <span class='ocrx_word' id='word_1_185' title='bbox 419 1313 441 1344; x_wconf 89' lang='lat' dir='ltr'>ut</span> <span class='ocrx_word' id='word_1_186' title='bbox 453 1310 526 1344; x_wconf 85' lang='lat' dir='ltr'>dictum</span> <span class='ocrx_word' id='word_1_187' title='bbox 538 1314 572 1344; x_wconf 88' lang='lat' dir='ltr'>est.</span> 
     </span>
    </p>

    <p class='ocr_par' dir='ltr' id='par_1_5' title="bbox 107 1364 861 1572">
     <span class='ocr_line' id='line_1_23' title="bbox 122 1364 860 1408; baseline 0.003 -12"><span class='ocrx_word' id='word_1_188' title='bbox 122 1375 123 1378; x_wconf 53' lang='lat'>¹</span> <span class='ocrx_word' id='word_1_189' title='bbox 172 1364 198 1398; x_wconf 80' lang='lat' dir='ltr'>Au</span> <span class='ocrx_word' id='word_1_190' title='bbox 210 1375 272 1397; x_wconf 80' lang='lat' dir='ltr'>ruuiru</span> <span class='ocrx_word' id='word_1_191' title='bbox 284 1375 326 1397; x_wconf 63' lang='lat' dir='ltr'>rutro</span> <span class='ocrx_word' id='word_1_192' title='bbox 339 1375 418 1397; x_wconf 77' lang='lat' dir='ltr'>uicsxuvu</span> <span class='ocrx_word' id='word_1_193' title='bbox 430 1365 483 1408; x_wconf 84' lang='lat' dir='ltr'>quod</span> <span class='ocrx_word' id='word_1_194' title='bbox 494 1375 527 1399; x_wconf 83' lang='lat' dir='ltr'>res</span> <span class='ocrx_word' id='word_1_195' title='bbox 538 1365 596 1400; x_wconf 79' lang='lat' dir='ltr'>realis</span> <span class='ocrx_word' id='word_1_196' title='bbox 608 1368 638 1399; x_wconf 82' lang='lat' dir='ltr'>est</span> <span class='ocrx_word' id='word_1_197' title='bbox 653 1364 749 1400; x_wconf 80' lang='lat' dir='ltr'>obiectum</span> <span class='ocrx_word' id='word_1_198' title='bbox 765 1364 860 1407; x_wconf 83' lang='lat' dir='ltr'>scientiae,</span> 
     </span>
     <span class='ocr_line' id='line_1_24' title="bbox 107 1419 861 1463; baseline 0.001 -10"><span class='ocrx_word' id='word_1_199' title='bbox 107 1422 128 1453; x_wconf 92' lang='lat' dir='ltr'>ut</span> <span class='ocrx_word' id='word_1_200' title='bbox 146 1419 273 1463; x_wconf 81' lang='lat' dir='ltr'>distinguitur</span> <span class='ocrx_word' id='word_1_201' title='bbox 291 1420 311 1454; x_wconf 95' lang='lat' dir='ltr'>in</span> <span class='ocrx_word' id='word_1_202' title='bbox 325 1420 430 1463; x_wconf 84' lang='lat' dir='ltr'>practicam</span> <span class='ocrx_word' id='word_1_203' title='bbox 445 1423 464 1454; x_wconf 92' lang='lat' dir='ltr'>et</span> <span class='ocrx_word' id='word_1_204' title='bbox 479 1420 617 1463; x_wconf 83' lang='lat' dir='ltr'>speculativam</span> <span class='ocrx_word' id='word_1_205' title='bbox 636 1430 669 1454; x_wconf 92' lang='lat' dir='ltr'>seu</span> <span class='ocrx_word' id='word_1_206' title='bbox 684 1420 704 1454; x_wconf 91' lang='lat' dir='ltr'>in</span> <span class='ocrx_word' id='word_1_207' title='bbox 719 1421 826 1455; x_wconf 84' lang='lat' dir='ltr'>naturalem</span> <span class='ocrx_word' id='word_1_208' title='bbox 842 1423 861 1454; x_wconf 92' lang='lat' dir='ltr'>et</span> 
     </span>
     <span class='ocr_line' id='line_1_25' title="bbox 107 1474 860 1518; baseline 0.001 -10"><span class='ocrx_word' id='word_1_209' title='bbox 107 1475 209 1508; x_wconf 78' lang='lat' dir='ltr'>moralem</span> <span class='ocrx_word' id='word_1_210' title='bbox 227 1474 286 1509; x_wconf 85' lang='lat' dir='ltr'>Secus</span> <span class='ocrx_word' id='word_1_211' title='bbox 294 1484 347 1517; x_wconf 84' lang='lat' dir='ltr'>vero,</span> <span class='ocrx_word' id='word_1_212' title='bbox 360 1475 376 1508; x_wconf 89' lang='lat' dir='ltr'>si</span> <span class='ocrx_word' id='word_1_213' title='bbox 385 1478 474 1509; x_wconf 85' lang='lat' dir='ltr'>sumatur</span> <span class='ocrx_word' id='word_1_214' title='bbox 481 1479 503 1509; x_wconf 91' lang='lat' dir='ltr'>ut</span> <span class='ocrx_word' id='word_1_215' title='bbox 511 1475 605 1510; x_wconf 90' lang='lat' dir='ltr'>dividitur</span> <span class='ocrx_word' id='word_1_216' title='bbox 613 1476 633 1509; x_wconf 92' lang='lat' dir='ltr'>in</span> <span class='ocrx_word' id='word_1_217' title='bbox 642 1476 740 1518; x_wconf 88' lang='lat' dir='ltr'>moralem,</span> <span class='ocrx_word' id='word_1_218' title='bbox 752 1476 860 1510; x_wconf 86' lang='lat' dir='ltr'>naturalem</span> 
     </span>
     <span class='ocr_line' id='line_1_26' title="bbox 107 1529 507 1572; baseline 0 -9"><span class='ocrx_word' id='word_1_219' title='bbox 107 1533 127 1563; x_wconf 92' lang='lat' dir='ltr'>et</span> <span class='ocrx_word' id='word_1_220' title='bbox 138 1530 256 1572; x_wconf 83' lang='lat' dir='ltr'>rationalem,</span> <span class='ocrx_word' id='word_1_221' title='bbox 269 1529 378 1564; x_wconf 89' lang='lat' dir='ltr'>cuiusmodi</span> <span class='ocrx_word' id='word_1_222' title='bbox 390 1532 419 1564; x_wconf 90' lang='lat' dir='ltr'>est</span> <span class='ocrx_word' id='word_1_223' title='bbox 431 1529 507 1572; x_wconf 85' lang='lat' dir='ltr'>Logica.</span> 
     </span>
    </p>

    <p class='ocr_par' dir='ltr' id='par_1_6' title="bbox 106 1584 861 1950">
     <span class='ocr_line' id='line_1_27' title="bbox 172 1584 859 1627; baseline 0 -10"><span class='ocrx_word' id='word_1_224' title='bbox 172 1584 198 1617; x_wconf 78' lang='lat' dir='ltr'>Au</span> <span class='ocrx_word' id='word_1_225' title='bbox 210 1594 292 1616; x_wconf 69' lang='lat' dir='ltr'>snxuxuuu</span> <span class='ocrx_word' id='word_1_226' title='bbox 303 1595 383 1616; x_wconf 76' lang='grc'><strong>1111111111</strong></span> <span class='ocrx_word' id='word_1_227' title='bbox 398 1584 450 1627; x_wconf 86' lang='lat' dir='ltr'>quod</span> <span class='ocrx_word' id='word_1_228' title='bbox 466 1584 517 1617; x_wconf 87' lang='lat' dir='ltr'>entia</span> <span class='ocrx_word' id='word_1_229' title='bbox 531 1584 612 1618; x_wconf 89' lang='lat' dir='ltr'>rationis</span> <span class='ocrx_word' id='word_1_230' title='bbox 628 1588 715 1627; x_wconf 88' lang='lat' dir='ltr'>spectant</span> <span class='ocrx_word' id='word_1_231' title='bbox 726 1585 751 1618; x_wconf 90' lang='lat' dir='ltr'>ad</span> <span class='ocrx_word' id='word_1_232' title='bbox 763 1584 859 1627; x_wconf 88' lang='lat' dir='ltr'>Logicam,</span> 
     </span>
     <span class='ocr_line' id='line_1_28' title="bbox 107 1637 859 1682; baseline 0 -10"><span class='ocrx_word' id='word_1_233' title='bbox 107 1641 203 1681; x_wconf 68' lang='lat' dir='ltr'>aliatenus</span> <span class='ocrx_word' id='word_1_234' title='bbox 216 1639 239 1672; x_wconf 76' lang='lat' dir='ltr'>(le</span> <span class='ocrx_word' id='word_1_235' title='bbox 250 1637 288 1671; x_wconf 91' lang='lat' dir='ltr'>illis</span> <span class='ocrx_word' id='word_1_236' title='bbox 301 1638 453 1672; x_wconf 89' lang='lat' dir='ltr'>demonstrative</span> <span class='ocrx_word' id='word_1_237' title='bbox 464 1637 548 1671; x_wconf 89' lang='lat' dir='ltr'>instituit</span> <span class='ocrx_word' id='word_1_238' title='bbox 557 1638 636 1672; x_wconf 88' lang='lat' dir='ltr'>modum</span> <span class='ocrx_word' id='word_1_239' title='bbox 645 1638 740 1682; x_wconf 85' lang='lat' dir='ltr'>arguendi</span> <span class='ocrx_word' id='word_1_240' title='bbox 750 1638 859 1681; x_wconf 80' lang='lat' dir='ltr'>scientifice,</span> 
     </span>
     <span class='ocr_line' id='line_1_29' title="bbox 107 1691 859 1735; baseline 0.001 -10"><span class='ocrx_word' id='word_1_241' title='bbox 107 1693 170 1735; x_wconf 86' lang='lat' dir='ltr'>topice</span> <span class='ocrx_word' id='word_1_242' title='bbox 181 1697 200 1726; x_wconf 92' lang='lat' dir='ltr'>et</span> <span class='ocrx_word' id='word_1_243' title='bbox 212 1692 321 1735; x_wconf 86' lang='lat' dir='ltr'>sophistice,</span> <span class='ocrx_word' id='word_1_244' title='bbox 337 1702 371 1726; x_wconf 94' lang='lat' dir='ltr'>sen</span> <span class='ocrx_word' id='word_1_245' title='bbox 387 1692 479 1735; x_wconf 87' lang='lat' dir='ltr'>gignendi</span> <span class='ocrx_word' id='word_1_246' title='bbox 492 1691 595 1733; x_wconf 86' lang='lat' dir='ltr'>scientiam,</span> <span class='ocrx_word' id='word_1_247' title='bbox 611 1692 721 1734; x_wconf 88' lang='lat' dir='ltr'>opinionem</span> <span class='ocrx_word' id='word_1_248' title='bbox 733 1695 752 1726; x_wconf 93' lang='lat' dir='ltr'>et</span> <span class='ocrx_word' id='word_1_249' title='bbox 764 1703 859 1735; x_wconf 66' lang='lat' dir='ltr'>errorem,</span> 
     </span>
     <span class='ocr_line' id='line_1_30' title="bbox 107 1745 860 1789; baseline -0.001 -9"><span class='ocrx_word' id='word_1_250' title='bbox 107 1747 131 1780; x_wconf 90' lang='lat' dir='ltr'>ad</span> <span class='ocrx_word' id='word_1_251' title='bbox 141 1747 263 1780; x_wconf 81' lang='lat' dir='ltr'>Rhetoricanr</span> <span class='ocrx_word' id='word_1_252' title='bbox 275 1756 328 1787; x_wconf 85' lang='lat' dir='ltr'>vero,</span> <span class='ocrx_word' id='word_1_253' title='bbox 340 1749 399 1787; x_wconf 88' lang='lat' dir='ltr'>prout</span> <span class='ocrx_word' id='word_1_254' title='bbox 411 1746 435 1779; x_wconf 89' lang='lat' dir='ltr'>de</span> <span class='ocrx_word' id='word_1_255' title='bbox 446 1745 484 1779; x_wconf 90' lang='lat' dir='ltr'>illis</span> <span class='ocrx_word' id='word_1_256' title='bbox 496 1745 580 1779; x_wconf 88' lang='lat' dir='ltr'>instituit</span> <span class='ocrx_word' id='word_1_257' title='bbox 590 1747 671 1780; x_wconf 86' lang='lat' dir='ltr'>modum</span> <span class='ocrx_word' id='word_1_258' title='bbox 679 1746 772 1789; x_wconf 88' lang='lat' dir='ltr'>gignendi</span> <span class='ocrx_word' id='word_1_259' title='bbox 781 1746 860 1788; x_wconf 89' lang='lat' dir='ltr'>suspici-</span> 
     </span>
     <span class='ocr_line' id='line_1_31' title="bbox 107 1799 860 1842; baseline 0 -8"><span class='ocrx_word' id='word_1_260' title='bbox 107 1810 169 1842; x_wconf 87' lang='lat' dir='ltr'>onem,</span> <span class='ocrx_word' id='word_1_261' title='bbox 182 1801 231 1834; x_wconf 92' lang='lat' dir='ltr'>sicut</span> <span class='ocrx_word' id='word_1_262' title='bbox 243 1800 267 1833; x_wconf 94' lang='lat' dir='ltr'>ad</span> <span class='ocrx_word' id='word_1_263' title='bbox 279 1800 381 1841; x_wconf 88' lang='lat' dir='ltr'>Poeticam,</span> <span class='ocrx_word' id='word_1_264' title='bbox 393 1802 452 1841; x_wconf 90' lang='lat' dir='ltr'>prout</span> <span class='ocrx_word' id='word_1_265' title='bbox 464 1808 488 1832; x_wconf 84' lang='lat' dir='ltr'>ex</span> <span class='ocrx_word' id='word_1_266' title='bbox 499 1799 537 1833; x_wconf 91' lang='lat' dir='ltr'>illis</span> <span class='ocrx_word' id='word_1_267' title='bbox 545 1809 580 1841; x_wconf 89' lang='lat' dir='ltr'>per</span> <span class='ocrx_word' id='word_1_268' title='bbox 588 1800 668 1833; x_wconf 83' lang='lat' dir='ltr'>modurn</span> <span class='ocrx_word' id='word_1_269' title='bbox 677 1800 860 1842; x_wconf 83' lang='lat' dir='ltr'>repraesentationis</span> 
     </span>
     <span class='ocr_line' id='line_1_32' title="bbox 106 1852 861 1896; baseline -0.001 -9"><span class='ocrx_word' id='word_1_270' title='bbox 106 1853 211 1887; x_wconf 87' lang='lat' dir='ltr'>instruitur</span> <span class='ocrx_word' id='word_1_271' title='bbox 219 1854 289 1887; x_wconf 91' lang='lat' dir='ltr'>modus</span> <span class='ocrx_word' id='word_1_272' title='bbox 298 1852 391 1896; x_wconf 82' lang='lat' dir='ltr'>gignendi</span> <span class='ocrx_word' id='word_1_273' title='bbox 399 1852 567 1895; x_wconf 84' lang='lat' dir='ltr'>existimationem,</span> <span class='ocrx_word' id='word_1_274' title='bbox 576 1853 626 1887; x_wconf 86' lang='lat' dir='ltr'>etad</span> <span class='ocrx_word' id='word_1_275' title='bbox 636 1853 790 1895; x_wconf 88' lang='lat' dir='ltr'>Grannnaticam,</span> <span class='ocrx_word' id='word_1_276' title='bbox 801 1856 861 1895; x_wconf 85' lang='lat' dir='ltr'>prout</span> 
     </span>
     <span class='ocr_line' id='line_1_33' title="bbox 107 1906 714 1950; baseline 0 -10"><span class='ocrx_word' id='word_1_277' title='bbox 107 1917 130 1941; x_wconf 87' lang='lat' dir='ltr'>ex</span> <span class='ocrx_word' id='word_1_278' title='bbox 142 1908 180 1940; x_wconf 89' lang='lat' dir='ltr'>illis</span> <span class='ocrx_word' id='word_1_279' title='bbox 192 1907 280 1950; x_wconf 79' lang='lat' dir='ltr'>gignitur</span> <span class='ocrx_word' id='word_1_280' title='bbox 291 1907 362 1940; x_wconf 88' lang='lat' dir='ltr'>modus</span> <span class='ocrx_word' id='word_1_281' title='bbox 374 1906 471 1940; x_wconf 84' lang='lat' dir='ltr'>efficiendi</span> <span class='ocrx_word' id='word_1_282' title='bbox 483 1906 590 1941; x_wconf 89' lang='lat' dir='ltr'>orationem</span> <span class='ocrx_word' id='word_1_283' title='bbox 602 1917 714 1949; x_wconf 82' lang='lat' dir='ltr'>congruam.</span> 
     </span>
    </p>

    <p class='ocr_par' dir='ltr' id='par_1_7' title="bbox 62 1959 892 2708">
     <span class='ocr_line' id='line_1_34' title="bbox 171 1959 860 2002; baseline -0.001 -8"><span class='ocrx_word' id='word_1_284' title='bbox 171 1961 198 1994; x_wconf 78' lang='lat' dir='ltr'>Au</span> <span class='ocrx_word' id='word_1_285' title='bbox 209 1971 279 1993; x_wconf 79' lang='lat' dir='ltr'>ranucii</span> <span class='ocrx_word' id='word_1_286' title='bbox 290 1970 370 1992; x_wconf 77' lang='lat' dir='ltr'>nrcsrnuu</span> <span class='ocrx_word' id='word_1_287' title='bbox 382 1961 434 2002; x_wconf 88' lang='lat' dir='ltr'>quod</span> <span class='ocrx_word' id='word_1_288' title='bbox 443 1959 592 1994; x_wconf 82' lang='lat' dir='ltr'>considerationi</span> <span class='ocrx_word' id='word_1_289' title='bbox 599 1961 672 2002; x_wconf 81' lang='lat' dir='ltr'>logicae</span> <span class='ocrx_word' id='word_1_290' title='bbox 683 1961 788 2002; x_wconf 89' lang='lat' dir='ltr'>respondet</span> <span class='ocrx_word' id='word_1_291' title='bbox 796 1960 860 2002; x_wconf 84' lang='lat' dir='ltr'>aliqua</span> 
     </span>
     <span class='ocr_line' id='line_1_35' title="bbox 107 2013 871 2055; baseline 0 -9"><span class='ocrx_word' id='word_1_292' title='bbox 107 2023 144 2055; x_wconf 87' lang='lat' dir='ltr'>res,</span> <span class='ocrx_word' id='word_1_293' title='bbox 163 2014 233 2047; x_wconf 89' lang='lat' dir='ltr'>sinon</span> <span class='ocrx_word' id='word_1_294' title='bbox 248 2014 362 2054; x_wconf 87' lang='lat' dir='ltr'>immediate,</span> <span class='ocrx_word' id='word_1_295' title='bbox 379 2014 447 2047; x_wconf 82' lang='lat' dir='ltr'>saltem</span> <span class='ocrx_word' id='word_1_296' title='bbox 463 2013 550 2047; x_wconf 88' lang='lat' dir='ltr'>mediate.</span> <span class='ocrx_word' id='word_1_297' title='bbox 574 2014 599 2046; x_wconf 90' lang='lat' dir='ltr'>Et</span> <span class='ocrx_word' id='word_1_298' title='bbox 611 2014 647 2047; x_wconf 88' lang='lat' dir='ltr'>hoe</span> <span class='ocrx_word' id='word_1_299' title='bbox 659 2013 732 2047; x_wconf 79' lang='lat' dir='ltr'>sufficit</span> <span class='ocrx_word' id='word_1_300' title='bbox 743 2014 768 2047; x_wconf 92' lang='lat' dir='ltr'>ad</span> <span class='ocrx_word' id='word_1_301' title='bbox 780 2014 820 2054; x_wconf 92' lang='lat' dir='ltr'>hoc,</span> <span class='ocrx_word' id='word_1_302' title='bbox 838 2014 871 2046; x_wconf 66' lang='lat' dir='ltr'>nt&#39;</span> 
     </span>
     <span class='ocr_line' id='line_1_36' title="bbox 107 2066 860 2110; baseline 0 -10"><span class='ocrx_word' id='word_1_303' title='bbox 107 2067 235 2100; x_wconf 88' lang='lat' dir='ltr'>consideratio</span> <span class='ocrx_word' id='word_1_304' title='bbox 247 2067 308 2110; x_wconf 86' lang='lat' dir='ltr'>logica</span> <span class='ocrx_word' id='word_1_305' title='bbox 320 2076 359 2100; x_wconf 86' lang='lat' dir='ltr'>non</span> <span class='ocrx_word' id='word_1_306' title='bbox 372 2066 396 2100; x_wconf 88' lang='lat' dir='ltr'>sit</span> <span class='ocrx_word' id='word_1_307' title='bbox 404 2076 454 2099; x_wconf 92' lang='lat' dir='ltr'>vana</span> <span class='ocrx_word' id='word_1_308' title='bbox 463 2069 481 2099; x_wconf 89' lang='lat' dir='ltr'>et</span> <span class='ocrx_word' id='word_1_309' title='bbox 489 2076 549 2100; x_wconf 89' lang='lat' dir='ltr'>cassa.</span> <span class='ocrx_word' id='word_1_310' title='bbox 568 2067 684 2109; x_wconf 79' lang='lat' dir='ltr'>Dupliciter</span> <span class='ocrx_word' id='word_1_311' title='bbox 691 2067 743 2101; x_wconf 90' lang='lat' dir='ltr'>enim</span> <span class='ocrx_word' id='word_1_312' title='bbox 754 2066 860 2109; x_wconf 85' lang='lat' dir='ltr'>respondet</span> 
     </span>
     <span class='ocr_line' id='line_1_37' title="bbox 106 2120 892 2164; baseline -0.001 -10"><span class='ocrx_word' id='word_1_313' title='bbox 106 2120 210 2155; x_wconf 87' lang='lat' dir='ltr'>intellectui</span> <span class='ocrx_word' id='word_1_314' title='bbox 228 2120 300 2163; x_wconf 85' lang='lat' dir='ltr'>aliquid</span> <span class='ocrx_word' id='word_1_315' title='bbox 320 2121 340 2154; x_wconf 92' lang='lat' dir='ltr'>in</span> <span class='ocrx_word' id='word_1_316' title='bbox 361 2131 387 2155; x_wconf 89' lang='lat' dir='ltr'>re.</span> <span class='ocrx_word' id='word_1_317' title='bbox 418 2121 460 2155; x_wconf 82' lang='lat' dir='ltr'>Uno</span> <span class='ocrx_word' id='word_1_318' title='bbox 478 2120 536 2154; x_wconf 89' lang='lat' dir='ltr'>modo</span> <span class='ocrx_word' id='word_1_319' title='bbox 554 2121 674 2164; x_wconf 62' lang='lat' dir='ltr'>aamercort,</span> <span class='ocrx_word' id='word_1_320' title='bbox 696 2121 774 2163; x_wconf 86' lang='lat' dir='ltr'>quaudo</span> <span class='ocrx_word' id='word_1_321' title='bbox 790 2130 815 2155; x_wconf 89' lang='lat' dir='ltr'>sc.</span> <span class='ocrx_word' id='word_1_322' title='bbox 832 2120 860 2154; x_wconf 90' lang='lat' dir='ltr'>in·</span> <span class='ocrx_word' id='word_1_323' title='bbox 891 2137 892 2140; x_wconf 64' lang='lat'><em>=</em></span> 
     </span>
     <span class='ocr_line' id='line_1_38' title="bbox 107 2172 860 2218; baseline 0.001 -9"><span class='ocrx_word' id='word_1_324' title='bbox 107 2176 193 2210; x_wconf 83' lang='lat' dir='ltr'>tellectus</span> <span class='ocrx_word' id='word_1_325' title='bbox 209 2175 291 2218; x_wconf 85' lang='lat' dir='ltr'>concipit</span> <span class='ocrx_word' id='word_1_326' title='bbox 308 2175 392 2209; x_wconf 79' lang='lat' dir='ltr'>tonnam</span> <span class='ocrx_word' id='word_1_327' title='bbox 407 2175 436 2209; x_wconf 85' lang='lat' dir='ltr'>rei</span> <span class='ocrx_word' id='word_1_328' title='bbox 450 2174 530 2209; x_wconf 88' lang='lat' dir='ltr'>alicuius</span> <span class='ocrx_word' id='word_1_329' title='bbox 545 2177 600 2209; x_wconf 86' lang='lat' dir='ltr'>extra</span> <span class='ocrx_word' id='word_1_330' title='bbox 614 2172 700 2209; x_wconf 89' lang='lat' dir='ltr'>animam</span> <span class='ocrx_word' id='word_1_331' title='bbox 713 2175 820 2218; x_wconf 86' lang='lat' dir='ltr'>existentis,</span> <span class='ocrx_word' id='word_1_332' title='bbox 838 2178 860 2210; x_wconf 88' lang='lat' dir='ltr'>ut</span> 
     </span>
     <span class='ocr_line' id='line_1_39' title="bbox 62 2229 860 2279; baseline 0 -15"><span class='ocrx_word' id='word_1_333' title='bbox 62 2276 64 2279; x_wconf 89' lang='lat'>.</span> <span class='ocrx_word' id='word_1_334' title='bbox 106 2230 191 2265; x_wconf 89' lang='lat' dir='ltr'>hominis</span> <span class='ocrx_word' id='word_1_335' title='bbox 203 2231 234 2266; x_wconf 86' lang='lat' dir='ltr'>vel</span> <span class='ocrx_word' id='word_1_336' title='bbox 245 2230 320 2274; x_wconf 89' lang='lat' dir='ltr'>lapidis.</span> <span class='ocrx_word' id='word_1_337' title='bbox 343 2231 390 2266; x_wconf 73' lang='lat' dir='ltr'>Alio</span> <span class='ocrx_word' id='word_1_338' title='bbox 405 2231 464 2265; x_wconf 92' lang='lat' dir='ltr'>modo</span> <span class='ocrx_word' id='word_1_339' title='bbox 475 2229 566 2273; x_wconf 70' lang='lat' dir='ltr'>irradiare,</span> <span class='ocrx_word' id='word_1_340' title='bbox 585 2230 663 2274; x_wconf 86' lang='lat' dir='ltr'>quando</span> <span class='ocrx_word' id='word_1_341' title='bbox 681 2229 753 2274; x_wconf 86' lang='lat' dir='ltr'>aliquid</span> <span class='ocrx_word' id='word_1_342' title='bbox 771 2230 860 2274; x_wconf 85' lang='lat' dir='ltr'>sequitur</span> 
     </span>
     <span class='ocr_line' id='line_1_40' title="bbox 107 2285 861 2329; baseline -0.001 -9"><span class='ocrx_word' id='word_1_343' title='bbox 107 2289 170 2321; x_wconf 89' lang='lat' dir='ltr'>actum</span> <span class='ocrx_word' id='word_1_344' title='bbox 185 2286 305 2329; x_wconf 86' lang='lat' dir='ltr'>intelligendi</span> <span class='ocrx_word' id='word_1_345' title='bbox 321 2288 339 2320; x_wconf 91' lang='lat' dir='ltr'>et</span> <span class='ocrx_word' id='word_1_346' title='bbox 353 2286 460 2320; x_wconf 86' lang='lat' dir='ltr'>intellectus</span> <span class='ocrx_word' id='word_1_347' title='bbox 475 2285 577 2319; x_wconf 84' lang='lat' dir='ltr'>reflectens</span> <span class='ocrx_word' id='word_1_348' title='bbox 593 2295 652 2329; x_wconf 87' lang='lat' dir='ltr'>supra</span> <span class='ocrx_word' id='word_1_349' title='bbox 667 2286 732 2329; x_wconf 87' lang='lat' dir='ltr'>ipsum</span> <span class='ocrx_word' id='word_1_350' title='bbox 750 2286 861 2320; x_wconf 87' lang='lat' dir='ltr'>considerat</span> 
     </span>
     <span class='ocr_line' id='line_1_41' title="bbox 106 2339 860 2384; baseline 0.001 -10"><span class='ocrx_word' id='word_1_351' title='bbox 106 2341 158 2376; x_wconf 90' lang='lat' dir='ltr'>illud.</span> <span class='ocrx_word' id='word_1_352' title='bbox 182 2342 237 2376; x_wconf 90' lang='lat' dir='ltr'>Unde</span> <span class='ocrx_word' id='word_1_353' title='bbox 249 2350 281 2375; x_wconf 86' lang='lat' dir='ltr'>res</span> <span class='ocrx_word' id='word_1_354' title='bbox 293 2340 357 2384; x_wconf 87' lang='lat' dir='ltr'>aliqua</span> <span class='ocrx_word' id='word_1_355' title='bbox 372 2341 477 2384; x_wconf 88' lang='lat' dir='ltr'>respondet</span> <span class='ocrx_word' id='word_1_356' title='bbox 492 2339 519 2373; x_wconf 88' lang='lat' dir='ltr'>illi</span> <span class='ocrx_word' id='word_1_357' title='bbox 534 2340 684 2375; x_wconf 86' lang='lat' dir='ltr'>considerationi</span> <span class='ocrx_word' id='word_1_358' title='bbox 698 2341 806 2375; x_wconf 88' lang='lat' dir='ltr'>intellectus</span> <span class='ocrx_word' id='word_1_359' title='bbox 822 2351 860 2375; x_wconf 88' lang='lat' dir='ltr'>me·</span> 
     </span>
     <span class='ocr_line' id='line_1_42' title="bbox 107 2394 860 2438; baseline -0.003 -8"><span class='ocrx_word' id='word_1_360' title='bbox 107 2395 162 2438; x_wconf 86' lang='lat' dir='ltr'>diate,</span> <span class='ocrx_word' id='word_1_361' title='bbox 170 2396 181 2429; x_wconf 89' lang='lat' dir='ltr'>i.</span> <span class='ocrx_word' id='word_1_362' title='bbox 191 2406 206 2430; x_wconf 91' lang='lat' dir='ltr'>e.</span> <span class='ocrx_word' id='word_1_363' title='bbox 214 2395 311 2429; x_wconf 89' lang='lat' dir='ltr'>mediante</span> <span class='ocrx_word' id='word_1_364' title='bbox 320 2395 446 2437; x_wconf 79' lang='lat' dir='ltr'>intelligentia</span> <span class='ocrx_word' id='word_1_365' title='bbox 454 2394 491 2436; x_wconf 86' lang='lat' dir='ltr'>rei;</span> <span class='ocrx_word' id='word_1_366' title='bbox 503 2405 521 2428; x_wconf 89' lang='lat' dir='ltr'>v.</span> <span class='ocrx_word' id='word_1_367' title='bbox 530 2405 547 2437; x_wconf 85' lang='lat' dir='ltr'>g.</span> <span class='ocrx_word' id='word_1_368' title='bbox 556 2395 664 2429; x_wconf 89' lang='lat' dir='ltr'>intellectus</span> <span class='ocrx_word' id='word_1_369' title='bbox 673 2394 762 2438; x_wconf 81' lang='lat' dir='ltr'>intelligit</span> <span class='ocrx_word' id='word_1_370' title='bbox 770 2398 860 2429; x_wconf 89' lang='lat' dir='ltr'>naturam</span> 
     </span>
     <span class='ocr_line' id='line_1_43' title="bbox 107 2448 860 2493; baseline 0.001 -10"><span class='ocrx_word' id='word_1_371' title='bbox 107 2450 194 2484; x_wconf 90' lang='lat' dir='ltr'>animalis</span> <span class='ocrx_word' id='word_1_372' title='bbox 206 2450 226 2484; x_wconf 92' lang='lat' dir='ltr'>in</span> <span class='ocrx_word' id='word_1_373' title='bbox 238 2449 320 2492; x_wconf 87' lang='lat' dir='ltr'>homine,</span> <span class='ocrx_word' id='word_1_374' title='bbox 333 2459 382 2493; x_wconf 87' lang='lat' dir='ltr'>equo</span> <span class='ocrx_word' id='word_1_375' title='bbox 395 2453 413 2484; x_wconf 84' lang='lat' dir='ltr'>et</span> <span class='ocrx_word' id='word_1_376' title='bbox 425 2449 467 2483; x_wconf 90' lang='lat' dir='ltr'>aliis</span> <span class='ocrx_word' id='word_1_377' title='bbox 480 2448 586 2491; x_wconf 88' lang='lat' dir='ltr'>speciebus,</span> <span class='ocrx_word' id='word_1_378' title='bbox 599 2452 618 2483; x_wconf 91' lang='lat' dir='ltr'>et</span> <span class='ocrx_word' id='word_1_379' title='bbox 625 2459 650 2483; x_wconf 85' lang='lat' dir='ltr'>ex</span> <span class='ocrx_word' id='word_1_380' title='bbox 657 2450 694 2483; x_wconf 90' lang='lat' dir='ltr'>hoc</span> <span class='ocrx_word' id='word_1_381' title='bbox 702 2449 795 2492; x_wconf 88' lang='lat' dir='ltr'>sequitur,</span> <span class='ocrx_word' id='word_1_382' title='bbox 807 2450 860 2493; x_wconf 87' lang='lat' dir='ltr'>quod</span> 
     </span>
     <span class='ocr_line' id='line_1_44' title="bbox 107 2503 861 2548; baseline -0.001 -10"><span class='ocrx_word' id='word_1_383' title='bbox 107 2514 149 2538; x_wconf 89' lang='lat' dir='ltr'>eam</span> <span class='ocrx_word' id='word_1_384' title='bbox 161 2504 250 2548; x_wconf 82' lang='lat' dir='ltr'>intelligit</span> <span class='ocrx_word' id='word_1_385' title='bbox 264 2506 286 2538; x_wconf 87' lang='lat' dir='ltr'>ut</span> <span class='ocrx_word' id='word_1_386' title='bbox 298 2514 365 2547; x_wconf 86' lang='lat' dir='ltr'>genus.</span> <span class='ocrx_word' id='word_1_387' title='bbox 389 2503 440 2537; x_wconf 90' lang='lat' dir='ltr'>Huic</span> <span class='ocrx_word' id='word_1_388' title='bbox 451 2503 580 2545; x_wconf 84' lang='lat' dir='ltr'>intellectioni,</span> <span class='ocrx_word' id='word_1_389' title='bbox 598 2513 636 2545; x_wconf 88' lang='lat' dir='ltr'>qua</span> <span class='ocrx_word' id='word_1_390' title='bbox 647 2503 755 2538; x_wconf 88' lang='lat' dir='ltr'>intellectus</span> <span class='ocrx_word' id='word_1_391' title='bbox 771 2504 861 2546; x_wconf 86' lang='lat' dir='ltr'>intelligit</span> 
     </span>
     <span class='ocr_line' id='line_1_45' title="bbox 107 2557 860 2601; baseline 0.001 -10"><span class='ocrx_word' id='word_1_392' title='bbox 107 2567 174 2601; x_wconf 87' lang='lat' dir='ltr'>genus,</span> <span class='ocrx_word' id='word_1_393' title='bbox 189 2568 227 2592; x_wconf 90' lang='lat' dir='ltr'>non</span> <span class='ocrx_word' id='word_1_394' title='bbox 242 2559 348 2601; x_wconf 85' lang='lat' dir='ltr'>respondet</span> <span class='ocrx_word' id='word_1_395' title='bbox 362 2568 394 2592; x_wconf 88' lang='lat' dir='ltr'>res</span> <span class='ocrx_word' id='word_1_396' title='bbox 407 2558 471 2599; x_wconf 83' lang='lat' dir='ltr'>aliqua</span> <span class='ocrx_word' id='word_1_397' title='bbox 487 2559 542 2591; x_wconf 85' lang='lat' dir='ltr'>extra</span> <span class='ocrx_word' id='word_1_398' title='bbox 556 2557 672 2600; x_wconf 85' lang='lat' dir='ltr'>immediate,</span> <span class='ocrx_word' id='word_1_399' title='bbox 687 2568 736 2601; x_wconf 88' lang='lat' dir='ltr'>quae</span> <span class='ocrx_word' id='word_1_400' title='bbox 752 2558 777 2592; x_wconf 91' lang='lat' dir='ltr'>sit</span> <span class='ocrx_word' id='word_1_401' title='bbox 792 2568 860 2601; x_wconf 84' lang='lat' dir='ltr'>genus,</span> 
     </span>
     <span class='ocr_line' id='line_1_46' title="bbox 108 2610 861 2654; baseline 0 -9"><span class='ocrx_word' id='word_1_402' title='bbox 108 2612 142 2645; x_wconf 90' lang='lat' dir='ltr'>sed</span> <span class='ocrx_word' id='word_1_403' title='bbox 153 2612 280 2654; x_wconf 85' lang='lat' dir='ltr'>intellectioni,</span> <span class='ocrx_word' id='word_1_404' title='bbox 296 2622 320 2646; x_wconf 82' lang='lat' dir='ltr'>ex</span> <span class='ocrx_word' id='word_1_405' title='bbox 331 2622 370 2654; x_wconf 90' lang='lat' dir='ltr'>qua</span> <span class='ocrx_word' id='word_1_406' title='bbox 382 2611 508 2653; x_wconf 89' lang='lat' dir='ltr'>consequitur</span> <span class='ocrx_word' id='word_1_407' title='bbox 523 2610 560 2644; x_wconf 88' lang='lat' dir='ltr'>ista</span> <span class='ocrx_word' id='word_1_408' title='bbox 575 2610 661 2652; x_wconf 85' lang='lat' dir='ltr'>intentio,</span> <span class='ocrx_word' id='word_1_409' title='bbox 676 2612 782 2654; x_wconf 83' lang='lat' dir='ltr'>respondet</span> <span class='ocrx_word' id='word_1_410' title='bbox 797 2612 861 2654; x_wconf 86' lang='lat' dir='ltr'>aliqua</span> 
     </span>
     <span class='ocr_line' id='line_1_47' title="bbox 107 2660 693 2708; baseline -0.002 -9"><span class='ocrx_word' id='word_1_411' title='bbox 107 2674 144 2699; x_wconf 88' lang='lat' dir='ltr'>res.</span> <span class='ocrx_word' id='word_1_412' title='bbox 168 2666 193 2699; x_wconf 87' lang='lat' dir='ltr'>Et</span> <span class='ocrx_word' id='word_1_413' title='bbox 205 2666 292 2699; x_wconf 84' lang='lat' dir='ltr'>similiter</span> <span class='ocrx_word' id='word_1_414' title='bbox 304 2670 334 2700; x_wconf 85' lang='lat' dir='ltr'>est</span> <span class='ocrx_word' id='word_1_415' title='bbox 346 2667 370 2700; x_wconf 89' lang='lat' dir='ltr'>de</span> <span class='ocrx_word' id='word_1_416' title='bbox 382 2665 424 2699; x_wconf 88' lang='lat' dir='ltr'>aliis</span> <span class='ocrx_word' id='word_1_417' title='bbox 436 2665 515 2698; x_wconf 91' lang='lat' dir='ltr'>entibus</span> <span class='ocrx_word' id='word_1_418' title='bbox 527 2660 608 2699; x_wconf 83' lang='lat' dir='ltr'>rationis</span> <span class='ocrx_word' id='word_1_419' title='bbox 620 2664 693 2708; x_wconf 84' lang='lat' dir='ltr'>logicis.</span> 
     </span>
    </p>
   </div>
   <div class='ocr_carea' id='block_1_3' title="bbox 385 2740 582 2771">
    <p class='ocr_par' dir='ltr' id='par_1_8' title="bbox 385 2740 582 2771">
     <span class='ocr_line' id='line_1_48' title="bbox 385 2740 582 2771; baseline -0.02 -12"><span class='ocrx_word' id='word_1_420' title='bbox 385 2740 582 2771; x_wconf 43' lang='lat' dir='ltr'>*sps*-</span> 
     </span>
    </p>
   </div>
   <div class='ocr_carea' id='block_1_4' title="bbox 0 0 928 3062">
    <p class='ocr_par' dir='ltr' id='par_1_9' title="bbox 0 0 928 3062">
     <span class='ocr_line' id='line_1_49' title="bbox 0 0 928 3062; baseline 0 0"><span class='ocrx_word' id='word_1_421' title='bbox 0 0 928 3062; x_wconf 95' lang='lat' dir='ltr'> </span> 
     </span>
    </p>
   </div>
  </div>
 </body>
</html>
