1846 3062
115 110 224 160 XXXVIII
320 130 437 164 ancnznor
455 130 558 163 amram
571 130 657 163 mrarst
676 116 679 122 “

115 243 180 279 quam
196 232 300 269 divinitus
316 230 433 279 accepisse:
456 230 547 279 ideoque
562 230 637 267 humili
653 232 673 268 et
689 229 790 268 concordi
806 229 864 268 obse-

114 286 211 323 cratione
225 287 293 322 Deum
307 285 371 321 simul
386 296 459 322 omnes
474 296 592 332 exoremus,
607 288 631 321 ut
645 284 668 321 in
682 283 791 321 Ecclesiae
806 284 864 322 finos

114 340 215 388 spiritum
226 340 327 377 scientiae
338 343 359 375 et
371 338 493 377 intellectus
504 340 593 386 emittat,
609 343 629 376 et
640 339 724 387 aperiat
738 338 767 376 eis
779 349 865 376 sensum

115 395 141 432 ad
149 394 312 442 intelligendam
322 393 456 441 sapientiam.
474 394 544 442 Atque
551 394 582 431 'ad
592 393 704 431 uberiores
713 393 864 442 percipiendos

115 448 201 485 divinae
210 447 314 486 bonitatis
325 448 415 495 tructus,
426 448 491 485 etiam
500 448 522 485 B.
533 448 630 497 Virginis
641 448 727 495 Mariae,
741 459 795 496 quae
804 448 864 485 sedes

114 502 232 551 sapientiae
243 502 371 550 appellatur,
387 502 562 540 efficacissimum
572 502 718 551 patrocinium
729 503 787 550 apud
796 503 863 540 Deum

114 557 254 605 interponita5
271 557 378 605 snmnquc
389 558 540 605 deprecatores
556 557 657 607 adhibete
667 557 807 605 purissimum
817 557 863 594 Vir·

113 611 170 659 ginis
185 610 291 659 Sponsum
306 611 328 648 B.
343 611 464 659 Iosephum,
479 616 500 649 et
510 612 599 649 Petrum
613 622 638 649 ao
648 612 739 649 Paulum
749 611 863 659 Apostolos

114 665 223 712 maximos,
239 665 276 713 qni
292 666 366 703 orbem
380 668 495 713 terrarum,
510 666 596 714 impura
611 677 710 703 errorum
725 666 759 702 lue
776 676 863 713 corrup·

114 723 164 766 turn,
179 720 272 756 veritate
286 723 427 766 renovarunt,
442 724 463 757 et
478 720 576 757 caelestis
589 720 708 768 sapientiae
718 720 798 756 himine
809 730 863 756 com-

114 774 234 821 piaverunt.

179 827 276 875 Denique
284 827 352 865 divini
363 827 439 865 auxilii
447 839 485 875 spe
492 828 549 875 freti,
560 832 581 865 et
592 828 696 877 pastorali
704 828 781 865 Vestro
792 828 863 865 studio

114 882 196 927 contisi,
204 882 349 929 Apostolicam
356 882 532 928 benedictionem,
541 883 664 920 caelestium
672 893 785 919 munerum
794 881 863 929 auspi·

114 946 158 972 cem
167 940 188 972 et
196 935 313 983 singularis
321 935 412 973 Nostrae
420 936 583 974 benevolentiae
593 941 674 982 testem,
685 936 751 973 Vobis
759 936 863 981 omnibusy

114 989 253 1026 venerabiles
271 989 369 1035 Fratres,
390 990 536 1037 universoque
555 990 617 1027 Claro
636 994 656 1027 ct
673 990 753 1037 populo
772 989 862 1038 singulis

114 1043 231 1088 commisso,
247 1047 385 1091 peramanter
400 1044 422 1080 in
437 1044 528 1080 Domino
543 1044 685 1092 irnpertinnm.

178 1118 257 1155 Datum
272 1118 352 1155 Romae
367 1119 425 1166 apud
440 1119 458 1156 S.
473 1119 567 1165 Petrumy
582 1119 617 1156 dio
631 1117 747 1166 IAugusti
760 1129 792 1154 an.
807 1119 863 1163 law,

211 1171 354 1208 Pcmificatus
370 1172 442 1209 Nostri
459 1184 514 1209 anno
529 1172 628 1209 secundo.

363 1298 437 1348 LEO
457 1298 513 1347 PP.
532 1297 615 1348 XIII.
