1846 3062
138 118 176 154 2526
339 126 446 167 Quansrlo
458 126 510 159 XXXI
532 126 654 160 ARTICULUS
666 127 687 160 lV

137 224 247 258 necessario
258 224 278 258 in
287 225 337 258 bona
345 223 474 266 particularia,
486 224 513 258 ita
520 234 556 258 neo
564 224 584 257 in
592 223 655 258 media
664 224 688 258 ad
697 224 763 266 finem,
775 224 891 267 pracsertim

137 278 173 319 illa,
192 278 233 312 siue
249 277 320 321 quibus
335 278 403 311 haberi
418 280 483 320 potest
496 278 547 319 linis,
565 288 614 320 quae
630 288 655 312 sc.
666 287 706 311 non
722 281 767 312 sunt
781 279 894 313 necessario

137 342 223 367 connexa
235 342 278 366 cum
290 332 339 366 line:
351 331 461 366 cuiusmodi
472 335 502 366 est
514 332 593 366 scientia
601 335 691 375 respectu
699 332 829 375 beatitudinis,
842 343 894 376 quae

137 389 167 420 est
178 386 224 421 linis
236 387 332 420 humanae
344 386 403 428 vitae3
417 395 472 420 secus
485 396 532 420 vero
544 396 592 428 esse,
604 386 671 421 vivere
683 389 702 420 et
713 386 826 430 intelligere.

450 517 580 525 mmmmm„-

394 624 516 658 laurentus
528 625 629 666 QUARTUS

319 735 385 763 tinnuli
399 734 520 764 mnmcunms
534 735 667 763 inanimatum
682 735 710 764 Sin

276 789 347 817 Panthu
361 788 386 817 EX
400 789 462 818 REBUS
476 789 499 817 ΕΤ
513 789 584 818 PlRTnn
597 789 622 817 EX
637 789 751 818 INTELLEGTU

137 896 176 967 An
188 896 264 923 ouinruu
275 896 299 918 sic
310 895 415 918 rnoonnnun.
438 886 519 919 Videtur
534 886 586 928 quod
601 884 706 919 difficultas
720 885 840 929 intelligendi
852 896 892 920 non

178 941 203 973 sit
214 940 286 983 partim
298 950 322 973 ex
333 939 431 973 intellectu
442 942 461 973 et
473 939 544 981 partim
560 949 584 972 ex
595 940 661 973 rebus.
685 939 705 974 Si
719 939 770 973 enim
786 939 893 975 difficultas

137 993 256 1037 intelligendi
268 997 298 1027 est
309 1003 333 1027 ex
344 994 409 1035 rebus,
421 993 510 1035 maxime,
522 993 568 1036 quia
579 994 652 1027 habent
660 993 762 1027 minimum
775 994 799 1028 de
807 994 893 1037 entitate,

137 1051 158 1082 nt
167 1051 213 1082 sunt
221 1051 291 1088 motus,
302 1050 385 1090 tempus,
397 1057 485 1089 vacuum,
498 1047 583 1081 materia.
604 1047 641 1081 Sed
649 1048 686 1081 hoc
694 1048 752 1081 modo
760 1047 817 1081 etiam
826 1051 894 1082 essent

137 1102 249 1137 huiusmodi
258 1113 290 1136 res
298 1102 388 1136 difficiles
396 1102 499 1136 intellectui
508 1101 580 1136 divino.
596 1102 649 1145 Ergo
658 1101 763 1136 difficultas
771 1102 891 1145 intelligendi

137 1167 176 1190 non
188 1160 253 1191 estex
265 1158 330 1190 rebus¹

202 1212 217 1244 2.
230 1211 334 1250 Pampanis,
346 1210 398 1253 quod
411 1209 500 1244 convenit
512 1210 540 1244 rei
553 1210 660 1244 secundnm
673 1219 698 1252 se,
711 1211 801 1244 convenit
809 1211 841 1253 illi,
854 1211 893 1245 cui-

138 1274 220 1308 cumque
232 1267 360 1307 comparetur.
384 1264 422 1298 Sed
434 1263 590 1306 cognoscibilitas
602 1264 692 1298 convenit
704 1264 732 1298 rei
745 1266 851 1299 secundum
865 1275 892 1300 se.

139 1320 223 1352 Eatenus
236 1319 286 1352 enim
299 1318 372 1361 aliquid
383 1321 414 1352 est
425 1318 559 1361 cognoscibile,
574 1321 670 1360 quatenus
685 1320 715 1351 est
730 1328 774 1359 ens;
789 1319 841 1353 unde
856 1329 892 1353 ens

137 1376 167 1406 θεῖ
178 1373 280 1415 proprium
293 1372 389 1406 obiectum
405 1372 513 1406 intellectus
529 1374 586 1415 atque
601 1373 649 1405 adeo
664 1372 750 1415 primum
766 1372 892 1415 intelligibile.

139 1427 191 1469 Ergo
204 1427 225 1468 si,
241 1437 290 1469 quae
303 1429 349 1461 sunt
360 1426 451 1459 minimae
463 1426 554 1468 entitatis,
570 1429 616 1460 sunt
630 1426 708 1460 difficile
724 1426 861 1470 cognoscibilia
872 1427 892 1460 in

138 1490 163 1522 se,
179 1484 237 1514 erunt
252 1480 309 1514 etiam
321 1480 366 1514 talia
377 1483 468 1523 respectu
479 1480 587 1514 intellectus
600 1480 666 1514 (livini.
689 1481 761 1514 atnoe
773 1483 803 1515 est
814 1481 894 1523 falsum,

138 1538 160 1568 nt
170 1538 228 1578 patet.
248 1535 302 1577 Ergo
314 1534 419 1569 difficultas
431 1534 560 1578 eognoscendi
572 1544 604 1568 res
616 1534 707 1568 minimae
719 1534 803 1568 entitatis
815 1544 854 1568 non
862 1538 895 1568 θεῖ

138 1590 226 1623 arebus.

204 1643 335 1682 3111111111,
351 1642 400 1676 sicut
414 1641 460 1676 dicit
472 1641 603 1684 Philosophus
618 1644 626 1676 1
640 1643 664 1676 de
678 1641 735 1676 Coelo
750 1652 765 1676 c.
778 1644 803 1685 11,
819 1645 893 1685 quanto

138 1697 203 1730 minus
215 1700 245 1731 est
257 1696 353 1738 sensibile,
368 1699 422 1730 tanto
437 1696 571 1730 excellentiore
586 1695 658 1730 virtute
674 1695 767 1731 sensitiva
781 1695 855 1739 indiget
867 1697 892 1730 ad

138 1752 178 1793 hoc,
190 1753 212 1784 ut
224 1751 323 1785 sentiatur.
342 1750 379 1784 Sed
392 1751 459 1784 eodem
472 1751 529 1784 modo
543 1760 563 1783 se
575 1751 633 1784 habet
643 1750 751 1784 intellectus
763 1742 854 1792 respectu*
864 1749 894 1783 in-

138 1804 248 1847 telligibilis.
272 1805 325 1848 Ergo
340 1804 445 1838 difficultas
459 1804 580 1847 intelligendi
594 1804 660 1837 minus
671 1804 792 1847 intelligibile
803 1813 842 1837 non
855 1803 894 1837 erit

138 1869 162 1892 ex
173 1859 253 1901 obiecto,
265 1859 299 1893 sed
311 1869 335 1893 ex
347 1858 449 1900 intellectu,
461 1858 545 1901 quinon
558 1860 587 1891 est
599 1857 702 1900 perlectus.

202 1915 218 1947 1,
230 1914 334 1952 Pinarium,
349 1913 402 1955 quod
418 1922 444 1954 ea,
460 1922 509 1955 qnae
526 1913 632 1946 secundum
645 1921 666 1946 se
679 1914 724 1946 sunt
735 1911 820 1945 maxime
832 1911 893 1945 sensi-

139 1966 187 2009 bilia,
200 1967 278 2001 difficile
291 1967 398 2001 sentiantur
410 1977 421 2000 a
433 1966 495 2008 nobis,
510 1965 601 2008 provenit
612 1975 637 1999 ex
648 1966 689 2007 hoc,
704 1966 757 2007 quod
769 1965 891 1999 excellentiae

138 2021 258 2055 sensibilium
271 2023 399 2063 corrumpunt
412 2030 496 2054 sensum.
517 2020 554 2054 Sed
563 2019 684 2053 excellentiae
692 2019 842 2062 intelligibilium
852 2029 892 2052 non

137 2078 266 2117 oorrumpunt
277 2074 399 2116 intellectum,
411 2077 433 2108 ut
445 2074 515 2108 dialtur
527 2075 537 2107 3
550 2074 574 2108 da
584 2074 660 2107 Animo
672 2083 687 2107 c.
697 2075 713 2106 4.
737 2073 790 2116 Ergo
802 2083 829 2114 ea,
841 2083 891 2116 quae

138 2129 244 2162 secundum
257 2138 277 2162 se
290 2131 335 2162 sunt
347 2128 431 2162 maxime
442 2127 574 2170 intelligibilia,
591 2130 637 2161 sunt
652 2127 709 2161 etiam
726 2127 809 2161 maxime
823 2126 893 2160 intelli-

137 2182 203 2225 gibilia
214 2182 280 2224 nobis3
293 2185 311 2215 et
323 2184 464 2225 consequenter
476 2181 581 2215 difficultas
593 2181 613 2214 in
625 2180 663 2214 illis
674 2181 805 2223 intelligendis
814 2183 892 2214 nonest

137 2245 161 2275 ex
172 2237 237 2278 rebus,
251 2236 284 2269 sed
296 2245 320 2269 ex
331 2239 399 2269 nostro
411 2235 514 2269 intellectu.

203 2310 236 2344 San
249 2321 312 2343 coxam
323 2321 351 2343 nsi·
363 2311 415 2353 quod
427 2310 559 2353 Philosophus
571 2312 580 2343 1
592 2309 641 2343 111111.
654 2309 766 2352 lletaphps.
779 2318 793 2342 c.
806 2312 814 2342 1
830 2308 892 2351 docet,

137 2365 189 2408 quod
202 2365 307 2399 difficultas
318 2364 438 2407 intelligendi
449 2367 479 2398 est
490 2365 568 2398 duobus
580 2363 649 2404 modis,
664 2363 707 2397 licet
721 2362 853 2405 principaliter
866 2362 892 2397 sit

137 2429 160 2453 ex
172 2419 274 2459 intellectu,
286 2429 325 2452 non
337 2429 361 2452 ex
372 2420 438 2453 rebus.

202 2495 300 2527 Rrsroinno
311 2504 391 2527 nicanum
403 2494 456 2537 quod
468 2493 573 2528 difficultas
585 2492 704 2536 intelligendi
715 2493 786 2535 partim
796 2492 858 2526 oritur
866 2502 891 2525 ex

136 2548 281 2591 imperfectione
293 2548 401 2582 intellectus
413 2548 481 2589 nostri,
493 2548 564 2590 partim
577 2557 601 2581 ex
613 2547 688 2581 deiectu
700 2557 773 2580 rerum.

198 2602 228 2636 hd
241 2602 295 2636 cuius
307 2602 483 2636 manifestationem
495 2601 657 2636 considerandum
670 2604 704 2643 est,
716 2601 769 2643 quod
780 2600 892 2643 (teplictlcr

136 2660 166 2689 est
178 2656 250 2698 aliquid
263 2655 341 2689 difficile
353 2656 378 2689 ad
389 2655 546 2699 intelligendum:
558 2654 589 2689 vel
597 2655 706 2689 sacrrndum
713 2664 734 2688 se
743 2654 774 2688 vel
781 2654 892 2688 secundum
