1846 3062
236 169 344 209 QUAESTIO
355 169 407 201 XXVI
429 169 551 202 ARTICULUS
562 169 584 201 tv
750 158 787 196 189

33 268 98 301 iidem.
110 265 145 298 Ille
150 265 215 307 igitur,
223 264 256 306 qui
261 264 327 305 credit,
334 264 392 297 habet
398 264 498 299 sufficiens
504 264 626 298 inductivum
633 263 657 296 ad
664 263 788 296 credendum.

34 321 76 354 Non
88 317 139 352 enim
152 317 244 360 crederet,
261 317 300 351 nisi
313 317 390 352 rideret
404 327 426 351 ea
441 328 484 352 esse
499 318 594 352 credenda
609 317 640 351 vel
654 319 735 359 propter
751 317 789 350 evi·

34 373 119 408 (lentiam
135 371 235 415 signorum
251 372 283 406 vel
297 374 377 415 propter
392 371 464 415 aliquid
480 372 597 407 huiusmodi.
620 371 723 406 Inducitur
737 370 789 406 enirn

33 427 147 463 attotoritate
159 426 235 462 divinae
248 426 346 462 doctrinae
358 426 456 463 miraculis
468 428 599 470 confirmatae,
611 431 630 462 et
638 428 691 472 quod
699 427 744 471 plus
754 429 788 467 est,

34 482 130 518 interiori
140 482 407 517 11111111111111111111111.
426 484 474 517 Nam
484 484 562 518 credere
570 483 649 527 quidem
660 483 681 516 in
689 483 789 517 voluntate

34 537 154 573 credentium
163 537 260 579 consistit5
273 537 307 572 sed
317 540 399 580 oportet,
408 538 461 581 quod
469 538 559 572 voluntas
568 538 652 572 hominis
660 539 789 580 praeparetur

34 603 45 626 1
57 593 97 626 Deo
109 601 144 634 per
156 592 238 635 gratiam
251 592 275 626 ad
287 593 328 634 hoc,
340 592 393 634 quod
405 592 491 626 elevetur
503 602 562 635 supra
571 592 700 626 conditionem
708 594 789 625 naturae

34 647 59 681 ad
70 646 237 689 participationem
249 645 310 680 divini
322 646 373 688 boui,
388 646 440 689 quod
455 649 485 680 est
496 646 538 689 ipse
550 647 608 680 Deus.
632 647 657 679 Et
667 646 711 680 ideo
722 646 789 688 ipsum

35 701 113 734 credere
125 703 155 734 est
166 704 220 734 actus
232 700 340 733 intellectus
352 700 475 733 assentientis
488 700 565 733 veritati
580 699 657 733 divinae
671 709 695 733 ex
706 698 789 741 imperio

35 753 141 788 voluntatis
153 763 164 786 a
176 754 216 787 Deo
227 755 291 786 motae
302 762 338 795 per
349 752 438 795 gratiam.
461 753 510 793 eria
522 763 569 796 ergo
581 753 671 787 voluntas
682 754 719 786 hoc
730 752 789 785 modo

34 817 74 840 non
86 807 202 840 determinat
213 806 335 848 intellectum,
351 810 372 839 ut
386 806 443 839 iaciat
457 806 532 848 inspici,
548 815 597 848 quae
612 806 723 846 creduntur,
740 805 789 839 sicut

35 860 165 902 inspiciuntur
177 859 272 901 principia
283 868 319 901 per
332 869 352 893 se
364 863 410 892 nota
421 860 452 892 vel
464 869 513 901 quae
525 860 544 892 in
556 859 599 901 ipsa
611 859 742 900 resolvuntur,
755 858 789 891 sed

35 913 72 946 hoc
83 913 147 954 modo,
161 915 183 946 ut
197 912 305 946 intellectus
317 912 401 946 tirmiter
413 913 525 946 adhaereat:
539 912 583 946 ideo
595 912 690 946 certitudo
701 912 748 946 fidei
760 914 790 946 est

35 967 58 1000 11
70 967 133 1000 firmo
145 967 268 1001 ccidcesiorie
280 967 338 1008 adid,
352 967 405 1010 quod
414 967 505 1008 11111111,
517 966 612 1001 certitudo
621 969 691 1009 autem,
703 968 790 1009 quaeest

35 1021 55 1055 11
68 1020 147 1056 scientia
158 1024 177 1056 et
188 1020 290 1064 intellectu,
303 1024 333 1056 est
344 1022 366 1056 11
378 1022 424 1065 ipsc
434 1022 535 1057 ecideritic
543 1031 616 1064 eorum,
628 1031 677 1064 qrrae
687 1026 738 1056 certa
746 1031 789 1056 esse

36 1075 132 1111 dicuntur.
161 1077 216 1111 Unde
234 1076 359 1112 manifestum
379 1080 414 1120 est,
433 1077 531 1120 quomodo
551 1077 647 1111 certitudo
666 1077 691 1111 sit
710 1076 790 1120 propria

36 1131 131 1166 scientiae.

101 1208 129 1242 Ar
141 1218 203 1241 111111
210 1218 253 1241 anco
260 1219 340 1242 orcarum
349 1209 402 1252 quod
410 1209 505 1243 certitudo
513 1208 612 1243 invenitur
620 1209 640 1242 in
649 1208 713 1251 aliquo
723 1209 791 1251 drapti-

37 1263 95 1297 citcr:
107 1273 147 1297 uno
154 1264 212 1297 modo
222 1263 366 1305 assimiliter,-
377 1263 415 1301 alio
422 1264 480 1297 modo
486 1262 639 1306 participative.
658 1262 724 1296 Primo
732 1263 790 1296 modo

36 1316 135 1350 invenitur
147 1316 167 1350 in
181 1317 198 1351 vi
211 1317 348 1359 cognoscitiva.
371 1317 459 1350 Secundo
472 1326 519 1350 vero
531 1316 589 1350 modo
601 1316 621 1349 in
633 1316 686 1349 omni
698 1326 725 1358 eo,
738 1316 791 1359 quod

36 1380 48 1404 a
59 1370 79 1404 vi
94 1370 226 1413 cognoscitiva
240 1372 331 1404 movetur
345 1370 471 1404 infallibiliter
485 1371 510 1404 ad
526 1380 584 1404 suum
598 1369 668 1403 finem:
684 1370 790 1403 seeundum

37 1433 95 1467 quem
102 1425 183 1457 modum
192 1423 267 1462 dicitur,
276 1424 329 1466 qnod
338 1427 415 1457 rictiira
423 1424 583 1457 certitudinaliter
591 1426 683 1465 operatur
692 1425 792 1465 tamquam

37 1479 90 1510 mota
101 1478 125 1510 ab
137 1477 235 1510 intellectu
247 1476 313 1510 divino
325 1477 485 1510 certitudinaliter
496 1478 587 1510 movente
601 1476 755 1518 unumquodque
767 1476 792 1509 ad

38 1539 95 1563 suum
107 1530 173 1572 finem,
184 1532 207 1563 ut
218 1530 302 1573 lapidem
314 1530 415 1564 deorsum:
431 1532 450 1564 et
462 1529 489 1563 sic
501 1529 572 1564 dicitur
584 1530 679 1564 certitudo
690 1529 711 1562 in
722 1531 793 1563 natura

37 1584 128 1618 tendente
145 1583 165 1617 in
181 1584 247 1618 finem.
271 1583 320 1623 Quia
337 1593 384 1618 vero
400 1593 440 1617 non
454 1584 542 1618 tenderet
556 1583 683 1618 determinate
698 1583 792 1618 11111111

38 1648 102 1681 suum,
116 1638 155 1674 nisi
169 1640 193 1673 ab
209 1639 273 1683 aliqua
288 1638 396 1683 cognitione
411 1640 538 1683 praecedente
554 1639 574 1674 in
585 1639 651 1682 ipsum
663 1639 793 1682 ordinaretur,

37 1694 82 1728 inde
97 1698 132 1737 est,
148 1695 200 1738 quod
215 1705 265 1738 opus
280 1698 360 1729 naturae
375 1699 405 1729 est
420 1695 482 1729 simile
496 1695 551 1738 operi
562 1694 616 1736 artis,
630 1694 747 1738 inquantum
758 1705 794 1738 per

38 1750 165 1784 determinata
177 1749 240 1784 media
251 1749 313 1784 tendit
324 1750 345 1783 in
357 1760 415 1784 suum
425 1749 491 1784 finem.
511 1750 536 1784 Et
545 1760 580 1792 per
587 1750 639 1783 hunc
647 1750 704 1783 etiam
712 1750 793 1783 modum

38 1804 122 1838 virtutes
128 1805 215 1838 morsilen
223 1804 314 1838 dicuutur
323 1805 400 1847 operari
408 1804 479 1838 certius
488 1806 534 1846 arte,
543 1804 660 1847 inquantum
668 1813 704 1845 per
712 1804 793 1837 modurn

38 1861 119 1891 naturae
131 1860 235 1892 moventur
247 1868 258 1891 a
270 1857 344 1892 ratione
356 1859 381 1891 ad
389 1867 436 1892 suos
448 1860 507 1891 actus.
527 1858 552 1891 Et
560 1857 649 1891 similiter
660 1857 721 1891 motui
734 1867 794 1901 cppe-

39 1911 87 1945 111111
95 1911 186 1946 1111111111
196 1912 327 1946 1111111111
337 1912 431 1946 tribuitur
443 1912 542 1953 certitudo,
555 1912 600 1954 quia
611 1912 684 1945 habent
691 1911 794 1945 1111111111-

39 1967 98 1998 tatem
110 1975 134 1999 ex
146 1965 260 1999 certitudine
272 1965 393 2009 cognitionis,
406 1975 455 2008 quae
466 1965 564 2008 praecedit
576 1966 624 1998 tales
635 1967 706 1999 motus.

103 2019 130 2052 An
142 2029 224 2052 secunuun
235 2030 315 2052 11111111
327 2020 380 2062 quod
392 2020 465 2061 diipiei
479 2022 509 2052 est
524 2019 628 2052 certitudo:
645 2018 761 2060 cognitionis
776 2022 795 2052 et

39 2072 119 2106 ordinis.
143 2073 168 2106 Et
180 2073 274 2107 certitudo
287 2073 365 2116 quidem
378 2072 501 2114 coercitionis
513 2075 547 2114 est,
563 2072 641 2115 quando
656 2072 740 2114 cognitio
755 2082 795 2105 non

39 2125 121 2159 declinat
132 2125 153 2159 11
164 2126 229 2169 aliquo
241 2128 265 2161 ab
277 2136 304 2167 eo,
317 2127 370 2169 quod
381 2126 401 2159 iu
412 2136 434 2159 re
445 2126 550 2168 invenitur,
566 2126 600 2160 sed
612 2126 649 2159 hoc
660 2126 718 2159 modo
731 2126 795 2159 existi-

39 2182 104 2213 matur
119 2180 143 2214 de
158 2190 184 2223 re,
203 2180 253 2215 sicut
267 2184 301 2215 est.
326 2181 351 2215 Et
366 2180 411 2224 quia
429 2183 480 2215 certa
497 2180 615 2215 existimatio
632 2180 715 2215 habetur
732 2181 756 2215 de
773 2190 795 2214 re

39 2234 142 2279 praecipue
154 2245 189 2279 per
201 2245 279 2271 causam
294 2236 327 2278 rei,
345 2236 388 2271 ideo
404 2239 488 2270 tractum
503 2239 533 2270 est
547 2246 619 2270 nomen
633 2235 754 2270 certitudinis
770 2236 795 2270 ad

40 2290 132 2325 ordinem
150 2301 219 2325 causae
236 2292 260 2326 ad
278 2291 374 2334 111111111,
392 2294 414 2325 11
428 2291 504 2325 dicatur
518 2292 567 2325 ordo
582 2301 650 2325 causae
665 2292 689 2324 ad
704 2290 794 2325 effectum

40 2347 110 2387 certus,
123 2346 201 2388 quando
213 2356 271 2380 causa
282 2346 409 2380 infallibiliter
420 2345 511 2379 effectum
521 2345 621 2388 producit;
634 2345 732 2388 quomodo
741 2355 796 2388 prae-

40 2399 148 2442 destinatio,
160 2400 206 2442 quia
218 2402 295 2443 praeter
307 2399 459 2443 praescientiam,
471 2399 491 2433 in
500 2409 539 2442 qua
549 2399 600 2433 inest
613 2399 708 2433 certitudo
717 2399 796 2443 cogniti-

40 2452 89 2494 onis,
97 2453 179 2487 includit
186 2454 320 2489 habitudinem
329 2464 397 2488 causae
405 2454 430 2488 ad
439 2454 535 2495 effectum,
545 2453 615 2487 dieitur
622 2456 674 2487 certa
680 2453 796 2487 certitudine

41 2506 156 2548 cognitionis
168 2511 187 2541 et
198 2508 285 2542 effectus.
650 2533 652 2536 -

104 2560 131 2593 An
143 2570 213 2593 1111111
227 2572 307 2594 nimiunn
321 2562 375 2604 quod
389 2561 409 2594 in
423 2561 520 2593 intellectu
535 2563 564 2594 est
579 2560 674 2594 certitudo
689 2560 796 2596 evidentiae

40 2612 156 2648 immediata.
170 2615 195 2648 At
202 2614 222 2648 in
231 2616 315 2657 scientia,
325 2616 361 2649 sub
370 2624 409 2657 qua
417 2613 600 2656 comprehendimus
609 2613 666 2646 etiam
676 2614 797 2657 sapientiam,

12 2684 14 2687 ·
40 2669 70 2699 est
82 2667 177 2701 certitudo
189 2668 296 2702 evidentiae
308 2668 400 2702 mediata:
413 2670 432 2701 et
443 2668 490 2701 haec
501 2670 531 2700 est
542 2667 623 2709 propria
634 2667 692 2701 illius.
