1846 3062
127 93 166 131 21ῖῖ
341 103 448 144 QUAESTIO
460 104 504 137 XXX
527 105 648 138 ARTICULUS
659 106 666 137 l

128 202 174 233 sunt
189 199 269 242 proprie
288 201 410 235 subalternae
428 200 519 235 scientiae
533 202 681 245 Metaphysicae.
706 203 731 236 Et
749 203 837 237 similiter
854 214 883 247 ea,

127 263 177 294 quae
188 253 208 286 in
219 253 304 287 diversis
313 254 398 288 scientiis
407 255 545 298 philosophicis
555 258 668 299 tractantur,
681 266 736 291 sacra
743 256 831 291 doctrina
839 267 882 291 eori-

128 306 201 340 siderat
211 308 248 341 suh
260 317 302 342 tetta
314 309 399 350 ratione,
416 309 533 351 inquantum
549 320 574 344 sc.
590 314 636 344 sunt
651 310 744 344 divinitus
760 311 883 346 revelabilia:

127 364 149 394 ut
161 361 189 394 sic
201 370 256 395 sacra
268 361 355 396 doctrina
368 362 393 396 sit
405 363 458 396 velut
469 363 565 405 quaedem
580 364 685 406 impressio
697 364 774 398 diuinae
787 364 883 407 scientiae,

128 424 177 456 quae
189 417 219 448 est
231 425 269 449 una
281 419 300 449 et
311 416 394 458 simplex
402 417 497 459 otrentum,
511 420 530 450 et
538 417 647 451 ordinatrix
656 418 742 452 onmium
752 418 883 453 scientiarum.

407 603 416 606 .,
427 588 520 621 .,.-,.,]ρ,
529 604 555 607 ,ἡ
564 604 602 607 „-

312 768 481 814 QUAESTIO
498 769 703 811 TRIGESIMA

169 880 202 913 DE
216 879 337 914 SCIENTIA
349 881 400 915 PER
413 882 635 916 GOllPARATIONEll
648 882 681 915 AD
694 882 841 916 OPINIONEM

389 991 405 1010 IN
414 991 455 1011 Duos
467 990 554 1011 Auricnms
565 990 621 1011 DIVISA

127 1033 201 1160 ἴω
191 1063 209 1084 r
220 1052 257 1095 illa,
270 1063 319 1096 quae
331 1055 354 1087 de
367 1054 446 1088 scientia
457 1054 546 1088 absolute
528 1057 635 1097 tsumpta
645 1057 726 1088 tractata
734 1057 784 1097 sunt,
797 1054 884 1088 conside-

191 1107 275 1140 randum
286 1117 319 1141 res
320 1110 348 1141 tat
359 1108 383 1141 de
395 1108 455 1141 soient
456 1107 473 1141 ia
485 1118 520 1151 per
532 1108 696 1150 comparationem
708 1109 733 1142 ad
742 1108 852 1150 opinionem
864 1113 885 1142 et

191 1160 292 1202 adipsum
305 1161 402 1195 scientem

196 1214 251 1248 Circa
263 1215 349 1257 primum
361 1225 408 1249 vero
420 1216 491 1249 horum
503 1218 624 1257 quaeruntur
637 1216 681 1250 [luo.

227 1268 303 1303 Primo:
315 1271 382 1303 utrum
395 1269 474 1303 scientia
486 1269 565 1303 differat
576 1270 600 1303 ab
613 1269 708 1312 opinione,

227 1322 325 1357 Secundo:
343 1325 410 1357 utrum
427 1323 447 1357 iu
463 1323 531 1357 eodem
547 1323 625 1357 homine
640 1324 663 1357 de
678 1326 745 1357 eadem
761 1323 885 1358 conclusione

259 1377 336 1420 possint
348 1377 406 1412 simul
418 1387 461 1411 esse
474 1377 553 1412 scientia
565 1380 584 1412 et
595 1377 666 1420 opinio.

402 1529 524 1562 ARTICULUS
536 1529 616 1561 PRIMUS

298 1638 364 1666 hinnul
378 1638 464 1667 SClENTlA
480 1638 572 1666 DIFFERXT
588 1638 612 1666 tn
626 1637 715 1666 OPINIONE

129 1745 168 1816 An
180 1745 242 1767 mmuh
254 1746 277 1767 sm
289 1745 394 1768 ruocunuuu.
418 1735 499 1768 Videtur
510 1735 563 1778 quod
576 1734 655 1768 scientia
666 1744 706 1769 non
718 1734 796 1768 differat
808 1735 832 1768 ab
845 1734 886 1777 opi-

170 1789 232 1823 nione.
256 1789 339 1823 Habitus
352 1789 402 1823 euim
415 1789 563 1832 distinguuntur
578 1799 602 1823 ex
617 1789 681 1822 medio
697 1788 728 1822 vel
742 1788 822 1823 obiecto.
846 1788 884 1823 Sed

129 1847 199 1878 neutro
211 1844 269 1877 modo
282 1843 376 1878 differunt
389 1843 467 1891 scientia
482 1846 501 1878 et
512 1843 586 1886 opinio:
602 1843 648 1886 quia
662 1844 709 1877 haec
723 1845 787 1886 potest
801 1852 844 1877 esse
860 1843 885 1877 de

130 1897 251 1939 necessariis,
267 1897 316 1932 sieut
331 1898 372 1939 illa;
388 1901 407 1932 et
422 1898 474 1932 idem
488 1898 579 1940 medinm,
595 1897 612 1931 si
623 1897 674 1931 clare
686 1897 764 1931 videtur
776 1907 884 1931 connexum

130 1952 253 1994 conclusioni,
269 1952 315 1986 iacit
327 1953 431 1994 scientiam,
448 1952 464 1986 si
478 1962 517 1987 non
529 1952 555 1986 ita
567 1953 622 1995 clare,
633 1952 680 1986 iacit
691 1951 807 1995 opinionem.
831 1953 886 1997 Ergo

132 2007 211 2041 scientia
222 2010 241 2041 et
253 2006 318 2049 opinio
330 2017 369 2040 non
381 2006 480 2041 differunt.

196 2083 229 2117 Sco
244 2093 348 2116 commum
363 2083 416 2126 qnod
433 2083 482 2118 sicut
494 2083 625 2126 Philosophus
640 2083 686 2117 dicit
697 2084 708 2118 6
720 2083 789 2126 Erote,
806 2083 886 2118 scientia

130 2142 160 2172 est
172 2138 240 2180 virtus,
256 2147 295 2172 non
310 2141 374 2172 autem
389 2138 455 2181 opinio
459 2149 464 2179 ;
479 2138 543 2172 virtus
556 2138 606 2171 enim
619 2137 745 2172 determinate
758 2138 848 2172 sehabet
860 2138 886 2172 ad

130 2194 203 2227 bonum
216 2195 234 2226 et
246 2202 285 2226 non
297 2193 321 2226 ad
333 2193 411 2227 malum.
431 2193 503 2227 Verum
516 2197 579 2226 autem
589 2195 619 2226 est
627 2193 700 2227 bonum
709 2192 822 2233 intellectus,
836 2193 886 2227 sicut

130 2247 201 2281 falsum
213 2250 244 2280 est
255 2247 328 2281 malum
341 2247 433 2281 eiusdem.
452 2247 477 2281 At
489 2247 554 2290 opinio
562 2249 627 2289 potest
635 2256 678 2281 esse
686 2246 728 2280 veri
736 2249 755 2280 et
762 2246 812 2280 falsi.
832 2247 887 2290 Ergo

131 2301 210 2335 scientia
222 2301 289 2335 differt
301 2302 325 2335 ab
337 2301 433 2344 opinione.

196 2377 294 2410 Rusuomuo
299 2377 435 2420 nicrinutrquod
441 2377 520 2411 scientia
526 2380 556 2410 est
562 2377 640 2410 habitus
647 2375 775 2410 essentialiter
782 2376 887 2411 distinctus

130 2435 149 2465 et
161 2431 255 2465 differens
267 2432 291 2465 ab
304 2431 399 2473 opinione.
423 2431 483 2465 Cuius
495 2430 544 2465 ratio
557 2434 591 2473 est,
607 2430 653 2473 quia
667 2430 745 2465 habitus
757 2430 887 2465 essentialiter

130 2486 279 2529 distinguuntur
291 2488 310 2519 et
322 2485 416 2519 differunt
424 2496 463 2528 per
470 2485 548 2520 obiecta
557 2484 661 2519 formello.
682 2484 731 2519 Sunt
739 2488 803 2519 autem
812 2485 886 2519 obiecta

130 2539 220 2574 formalia
232 2539 322 2574 scientiae
333 2542 352 2574 et
364 2539 461 2582 opinionis
473 2539 524 2573 inter
537 2539 653 2573 semanimo
665 2539 748 2573 diversa.

196 2595 245 2628 Nam
258 2594 354 2629 obiectum
365 2594 447 2628 formale
459 2593 559 2636 scientiae,
573 2596 595 2627 ut
607 2592 677 2627 dicitur
689 2594 780 2641 lPostee
794 2604 808 2628 o.
817 2595 843 2636 33,
856 2597 887 2628 est

130 2649 270 2691 necessarium,
284 2649 336 2692 qtrod
350 2658 374 2683 sc.
384 2639 505 2691 impossibile
515 2650 545 2682 est
553 2648 608 2682 aliter
617 2658 638 2682 se
646 2648 722 2682 hahere.
742 2649 798 2683 Unde
807 2648 887 2682 scientia
