1846 3062
232 167 340 207 QUAESTlo
351 167 403 199 XXIX
426 167 548 200 ARTIGULUS
559 167 574 199 11

28 265 123 311 principia
139 274 178 307 sua,
194 267 213 298 et
226 264 308 298 inferior
323 264 406 306 scientia,
421 275 470 307 quae
484 265 505 298 in
517 265 557 298 Deo
572 267 607 298 est.
630 264 671 297 Nos
686 262 737 297 enim
749 262 784 295 im-

29 320 113 364 perfecte
125 318 261 361 cognoscimus
273 319 298 360 id,
311 319 363 361 quod
375 319 417 361 ipse
429 318 570 362 perfectissime
582 318 690 362 cognoscin
703 320 722 351 01
734 316 784 350 siout

30 373 108 409 scientia
121 373 253 406 subalternata
264 382 275 406 a
288 372 384 413 superiori
397 372 490 415 supponit
500 373 564 415 aliqua
572 376 591 406 et
599 382 634 414 per
642 372 675 405 illa
683 374 784 413 tamquam

29 438 64 472 per
76 426 171 470 principia
182 426 275 468 procedit,
288 426 315 460 sic
323 426 428 469 Theologia
436 427 527 460 articulos
535 426 587 468 fidei,
600 436 649 469 quac
657 424 784 459 infallibiliter

30 484 75 516 sunt
83 480 161 523 probati
168 480 188 513 in
197 480 276 514 scientia
284 480 324 521 Dei,
336 480 435 523 supponit
446 483 464 514 ot
476 481 504 514 eis
516 481 583 521 credit,
597 483 616 514 et
627 490 662 523 per
674 479 728 513 istud
740 488 784 522 pro·

30 534 79 571 cedit
91 534 115 568 ad
127 534 250 577 probandum
263 534 344 568 ulterius
356 534 393 576 illa,
405 544 454 577 quae
466 544 490 568 ex
498 534 584 568 articulis
593 536 708 577 sequuntur.
728 534 784 568 Unde

30 590 79 624 sicut
90 588 165 622 musica
176 588 237 622 credit
248 588 343 631 principia
354 588 426 622 tradita
438 589 475 622 sibi
487 589 511 622 ab
523 588 648 628 arithmetico,
660 588 687 621 ita
696 587 784 622 doctrina

30 653 85 678 sacra
92 642 153 676 credit
160 642 255 685 principia
263 642 394 676 revelatasibi
403 652 414 675 a
424 643 468 676 Deo.
487 642 512 676 Et
520 643 557 676 1100
564 643 622 676 modo
633 652 688 676 sacra
695 641 784 676 doctrina

30 700 60 732 001
71 696 155 730 scientia.
176 696 266 731 Ceterum
280 695 377 738 quaelibet
389 696 468 730 scientia
479 697 537 730 habet
549 696 699 738 suppositiones,
711 696 784 738 quibus

30 753 107 794 oportet
118 750 249 784 addiscentem
262 750 345 784 credere.

286 967 409 1000 ARTICULUS
420 967 531 1000 SECUNDUS

85 1076 152 1104 UTRUM
166 1076 252 1106 solartila
268 1077 415 1105 SUBALTERNXTX
429 1077 568 1106 presumuntur
584 1077 731 1105 Essux'rlanlralt

315 1132 327 1160 Α
341 1131 502 1160 continuanium

61 1239 71 1260 n
83 1238 163 1260 srcunnuu
175 1238 314 1261 0101101101101.
332 1228 414 1262 Videtur
426 1229 478 1271 quod
491 1228 571 1262 scientia
579 1228 711 1262 subalternata
719 1227 786 1261 distin-

32 1240 59 1312 Α
72 1284 144 1326 guatur
156 1282 284 1317 essentialiter
295 1292 307 1316 a
315 1283 465 1317 subalternante.
484 1284 533 1317 Nam
543 1282 559 1316 si
567 1285 619 1316 esset
627 1283 691 1324 aliqua
701 1281 785 1323 scientia,

32 1346 81 1380 qnae
92 1346 132 1370 non
143 1339 211 1379 posset
225 1336 292 1371 reduci
306 1337 330 1370 ad
344 1337 439 1379 principia
454 1337 568 1371 naturaliter
583 1336 664 1379 cognita,
680 1345 719 1369 non
734 1338 786 1369 esset

32 1392 118 1425 eiusdem
136 1391 205 1433 speciei
223 1401 266 1425 cum
285 1391 327 1425 aliis
345 1391 435 1434 scientiis,
453 1391 637 1434 0111011111000111111
655 1400 690 1424 1100
704 1389 786 1424 univoce

33 1445 111 1479 scientia
129 1444 226 1479 diceretur
246 1446 270 1479 de
287 1445 330 1487 illis⁷
350 1448 370 1479 et
388 1447 529 1488 consequenter
548 1444 677 1479 essentialiter
695 1443 746 1477 inter
766 1452 786 1477 se

32 1499 140 1533 differrent.
164 1499 202 1533 Sed
215 1499 293 1533 scientia
308 1499 440 1534 subalternata
454 1503 476 1533 ut
491 1499 518 1533 sic
532 1509 572 1533 non
586 1498 693 1533 resolvitur
707 1497 727 1531 in
742 1497 787 1531 talia

32 1552 131 1595 principia,
143 1562 187 1587 cum
199 1554 265 1587 credat
276 1552 371 1596 principia
387 1553 424 1587 sibi
435 1553 512 1587 tradita.
536 1553 589 1596 Ergo
602 1552 681 1587 scientia
693 1552 787 1586 subalter-

32 1617 81 1640 nans
93 1609 112 1641 et
124 1607 256 1641 subalternata
268 1607 396 1641 essentialiter
408 1607 561 1651 distinguuntur.

99 1684 132 1718 Suu
149 1693 212 1716 001111
228 1694 256 1715 101
274 1684 326 1727 quod
345 1684 451 1717 secundum
466 1683 608 1726 Philosophum
623 1686 632 1716 1
647 1683 721 1717 Foster.
737 1692 751 1716 c.
767 1664 788 1715 13

33 1737 112 1772 scicntia
125 1738 261 1771 subalternaus
276 1740 295 1771 et
307 1737 386 1771 scientia
401 1738 534 1772 subalternata
548 1737 697 1780 distinguuntur
712 1738 787 1770 tantum

33 1791 180 1825 accidentaliter.

98 1868 196 1901 Rrsronoro
202 1878 282 1900 0101101111
290 1868 343 1911 quod
351 1868 430 1902 scientia
437 1869 569 1902 subalternata
575 1878 614 1901 non
623 1867 690 1902 differt
697 1866 788 1901 esseutia-

33 1921 76 1955 liter
89 1932 124 1956 seu
135 1922 243 1955 formaliter
252 1932 263 1956 a
273 1922 422 1956 subalternante.
446 1921 506 1957 Cuius
518 1922 567 1955 ratio
579 1925 613 1964 est,
626 1921 671 1964 quia
683 1921 788 1955 diversitas

33 1975 121 2010 formalis
130 1978 149 2010 et
157 1975 265 2010 essentialis
273 1976 397 2010 scientiarum
404 1976 488 2009 sumitur
495 1985 519 2009 ex
527 1976 640 2010 diversitate
646 1975 788 2018 principiorum

35 2039 69 2064 seu
81 2030 190 2065 mediorum
202 2033 221 2064 et
233 2030 352 2064 obiectorum
360 2030 478 2064 formalium.
498 2030 518 2064 Si
527 2030 578 2064 enim
588 2030 637 2064 duae
646 2029 736 2064 scientiae
745 2040 789 2073 pro·

34 2085 105 2118 cedunt
116 2085 148 2119 vel
160 2094 184 2119 ex
195 2084 265 2119 iisdem
277 2084 378 2128 principiis
390 2087 409 2118 et
420 2083 495 2127 mediis,
508 2084 539 2118 vel
551 2085 611 2118 altera
619 2088 643 2118 ex
652 2084 737 2126 alterius,
749 2094 789 2118 11011

34 2141 91 2172 erunt
103 2138 193 2173 scientiae
203 2139 312 2173 formaliter
325 2142 344 2173 et
351 2138 480 2173 essentialiter
492 2139 586 2173 (littoreae.
605 2139 630 2173 At
643 2139 732 2173 scientiac
745 2139 790 2173 sub-

34 2193 138 2227 alternatae
146 2194 254 2236 procedunt
263 2203 287 2227 ex
296 2193 397 2236 principiis
407 2196 425 2227 et
433 2192 502 2227 mediis
510 2194 685 2227 subalternantium
692 2196 711 2226 et
716 2194 790 2226 habent

33 2246 85 2281 idem
97 2247 193 2282 obiectum
205 2248 291 2290 formale,
304 2248 356 2290 quod
365 2247 413 2281 illae.
436 2247 489 2290 Ergo
498 2257 537 2281 nou
549 2247 697 2290 distinguuntur
710 2247 790 2281 essenti-

34 2301 89 2335 aliter
100 2312 136 2336 nec
147 2302 261 2336 formaliter.

100 2356 252 2400 Distinguuntur
271 2359 336 2391 tamen
355 2356 491 2390 lucterialtter
511 2359 529 2390 ct
549 2356 708 2391 accidentaliter.
740 2357 789 2390 Nam

35 2409 125 2444 scientiae
138 2411 260 2445 subalternae
275 2411 372 2453 applicant
387 2411 482 2444 obiectum
497 2411 580 2444 formale
595 2410 747 2451 subalternantis
762 2411 790 2444 011

35 2463 192 2499 (determinatam
207 2466 326 2508 materiam·
342 2467 364 2499 ut
380 2465 453 2498 Musica
468 2464 551 2507 applicat
566 2475 670 2498 numerum
685 2466 709 2498 ad
725 2474 790 2507 sonos,

35 2527 77 2551 cnm
96 2522 160 2552 tamen
175 2518 300 2553 Arithmetica
315 2519 365 2553 circa
379 2528 483 2553 numerum
499 2520 521 2552 ut
540 2518 568 2552 010
584 2521 675 2553 versetur
692 2519 733 2553 sine
750 2519 790 2553 ullo

35 2572 102 2606 ordine
114 2573 139 2606 ad
151 2573 251 2606 materiam
265 2573 382 2607 sensibilem.

100 2649 126 2682 An
138 2659 246 2681 1100111101
257 2659 299 2681 auco
311 2659 390 2681 cremnon
402 2649 454 2691 quod
467 2649 547 2682 scientia
559 2652 589 2682 est
601 2649 685 2691 duplet:
697 2659 735 2683 una
744 2660 791 2693 pcr-

35 2702 90 2744 f‘ectc,
104 2702 168 2745 qualis
180 2705 210 2736 est
219 2702 298 2736 scientia
306 2703 405 2746 magistri5
417 2702 454 2736 alia
462 2702 584 2746 imperfecto,
598 2703 661 2746 qualis
673 2706 703 2737 est
712 2703 792 2738 scientia
