1846 3062
291 119 398 160 QUAESTIO
410 120 424 151 V
447 120 568 153 curremus
579 120 601 152 ll'
795 112 821 149 43

68 220 87 251 51
101 216 189 251 accidens
206 227 240 251 seu
257 217 278 250 in
295 217 361 251 decem
378 217 538 259 praedicamenta.
562 217 618 257 Quod
636 219 688 259 patet
706 217 821 260 dupliciter.

69 272 118 305 Pam
133 271 178 314 quia
193 271 323 314 Philosophus
338 274 407 314 postea
421 281 456 305 ens
472 272 579 305 secundnm
597 281 617 305 se
635 271 704 305 dividit
719 271 739 304 in
756 272 821 305 decem

68 326 228 367 praedicamenta,
241 335 325 368 qnorum
336 335 407 359 novem
420 328 466 359 sunt
477 326 501 359 de
512 336 582 368 genere
590 325 699 359 accidentis.
720 326 768 359 Tum
776 326 822 368 quia

68 380 139 414 divisio
146 380 195 414 entis
202 380 222 413 in
229 380 336 413 secundum
342 389 362 413 se
367 382 386 413 et
391 380 498 413 secundum
505 380 592 414 accidens
597 380 708 421 attenditur,
715 380 821 414 seeundum

68 434 121 476 qnod
133 434 206 476 aliquid
215 434 351 476 praedicatur
362 434 385 467 de
398 433 462 476 aliquo
474 443 509 476 per
522 443 542 467 se
553 435 584 467 rel
599 444 634 476 per
646 434 734 468 accidens
747 444 781 468 sen
794 444 822 467 se·

68 488 154 522 cundum
162 488 326 530 comparationem
334 487 437 521 accidentis
446 488 470 521 ad
480 488 614 522 substantiam.
633 488 707 522 Diuisio
715 498 763 522 vero
771 488 821 522 entis

68 542 88 575 in
104 542 232 576 substantiam
247 545 266 575 et
280 542 368 575 accidens
383 542 489 575 attenditur
505 543 610 576 secundum
625 543 666 584 hoe,
681 543 733 585 qnod
748 542 821 585 aliquid

68 596 91 629 in
103 599 180 630 natura
191 606 229 630 sna
241 598 271 630 est
283 596 392 630 substantia
403 596 434 629 vel
447 596 535 629 accidens
548 606 582 629 seu
595 597 701 630 seeundum
712 597 821 630 absolutam

68 650 242 684 considerationem
255 650 310 684 entis.

134 705 160 738 An
172 715 253 737 srcmnnn
264 715 343 736 nicenum
355 704 407 746 quod
419 703 487 746 regula
498 703 530 736 illa
542 706 593 737 tenet
606 707 680 737 tantum
691 704 711 737 in
720 704 821 747 oppositis,

67 757 88 791 in
100 758 171 800 quibus
184 761 213 792 est
225 759 292 792 eadem
304 758 353 792 ratio
364 757 535 800 multiplicationis.
556 758 665 797 Quomodo
675 768 714 792 non
724 759 822 792 5111115111)-

69 812 139 845 stantia
151 815 169 846 et
181 812 274 846 accidens.

326 1027 448 1060 ARTICULUS
460 1027 561 1068 QUARTUS

166 1126 226 1154 eruent
240 1125 309 1154 Plures
324 1125 451 1154 susssrnurmr
466 1125 579 1154 COMPOSITAE
593 1125 635 1154 SINT
649 1126 685 1154 PER
699 1125 721 1154 SE

278 1180 299 1208 IN
312 1180 469 1208 rnucnlcanrrrc
484 1179 611 1208 susssrnn'rmr

68 1287 108 1360 An
126 1287 201 1315 Qumrun
218 1287 242 1308 sic
259 1286 364 1308 rnocrmrun.
387 1275 468 1309 Videtur
484 1276 537 1318 quod
552 1278 618 1318 partes
635 1276 755 1310 substantiae
772 1286 822 1310 com-

112 1330 186 1373 positae
204 1330 245 1364 sive
261 1330 374 1364 essentiales
392 1329 433 1363 sive
450 1329 555 1372 integrales
574 1329 612 1363 sint
629 1330 649 1363 in
664 1330 821 1372 praedioamento

69 1384 193 1418 substantiae.
218 1384 253 1418 Oui
265 1384 316 1417 enim
328 1383 418 1417 convenit
432 1383 481 1417 ratio
496 1383 574 1425 generis
590 1384 714 1426 substantiae,
729 1384 777 1418 illud
792 1388 822 1418 est

67 1438 88 1471 111
100 1448 170 1481 genere
183 1438 308 1472 substantiae.
328 1438 366 1471 Sed
378 1437 469 1471 erunibus
477 1437 566 1479 partibus
576 1437 695 1471 substantiae
704 1438 822 1480 corrrpositae

68 1492 158 1526 convenit
172 1492 221 1526 ratio
238 1492 366 1533 substantiam
384 1501 429 1524 nam
445 1494 491 1525 sunt
507 1491 557 1524 entia
572 1501 607 1533 per
623 1501 643 1525 se
657 1494 676 1525 et
690 1502 730 1525 non
744 1492 765 1525 in
779 1492 821 1526 alio.

69 1547 122 1589 Ergo
134 1556 169 1589 per
183 1556 203 1580 se
216 1549 261 1580 sunt
272 1546 293 1579 in
304 1555 375 1588 genere
388 1545 512 1579 substantiae.

135 1611 168 1645 Srn
180 1621 243 1643 corma
254 1622 282 1643 nsr
294 1611 347 1653 quod
358 1610 406 1643 illud
418 1620 453 1652 per
466 1619 486 1643 se
498 1610 598 1643 reducitur
609 1610 634 1643 ad
646 1619 714 1653 genus,
729 1611 782 1652 quod
794 1620 823 1644 re-

68 1665 114 1708 cipit
125 1665 288 1708 praedicationem
299 1665 351 1698 1111115
364 1664 446 1707 generis.
471 1664 508 1697 Sed
520 1666 586 1706 partes
599 1664 640 1697 sive
652 1664 765 1698 essentiales
781 1665 822 1699 sive

68 1719 173 1762 integrales
188 1729 227 1753 non
243 1719 351 1761 suscipiunt
366 1718 529 1760 praedicationem
544 1718 621 1760 generis
637 1718 765 1759 snbstantiae;
783 1728 822 1752 non

68 1773 119 1806 enim
131 1774 195 1806 anima
207 1773 238 1807 vel
250 1783 319 1806 manns
332 1776 361 1806 est
373 1772 444 1805 animal
458 1781 480 1804 ac
492 1772 574 1814 proinde
588 1781 623 1805 nee
638 1773 752 1814 substantia,
767 1773 822 1806 onius

69 1827 142 1869 speeies
157 1830 187 1860 est
201 1827 277 1860 animal.
301 1827 354 1869 Ergo
368 1829 434 1868 partes
449 1835 488 1858 non
504 1828 550 1858 suut
564 1835 599 1867 per
615 1836 635 1859 se
652 1826 672 1859 in
688 1836 759 1868 genere
778 1827 822 1860 sub·

69 1881 155 1915 stantiae.

134 1946 232 1979 Rnsronnro
249 1955 328 1977 murrum
348 1945 401 1987 quod
420 1947 486 1986 partes
505 1943 624 1977 substantiae
642 1944 760 1986 compositae
779 1945 820 1978 sire

68 2000 181 2034 essentiales
194 1999 235 2033 sive
249 1999 354 2042 integrales
369 2008 408 2032 non
424 2001 469 2032 sunt
484 2008 519 2041 per
535 2008 555 2032 se
569 1998 589 2031 in
605 1998 761 2041 praedicamento
778 2000 822 2033 sub-

69 2054 155 2096 stantiae,
168 2054 202 2088 sed
215 2056 295 2088 tantum
306 2053 412 2087 reductive.
437 2053 493 2092 Quod
506 2053 533 2086 sic
544 2053 645 2095 probatur.
665 2053 771 2087 Reduotive
780 2063 823 2095 per·

68 2108 130 2142 tinent
141 2108 166 2142 ad
177 2118 240 2151 genus
253 2107 372 2141 substantiae
384 2117 411 2148 ea,
423 2117 472 2149 quae
484 2107 559 2140 ratione
569 2116 614 2140 suae
621 2107 774 2148 imperfectionis
783 2117 822 2141 non

68 2162 164 2205 recipiunt
175 2161 338 2204 praedicationem
345 2161 402 2203 illius,
415 2161 487 2204 quippe
498 2171 547 2203 quae
555 2171 594 2194 non
603 2161 720 2203 participant
729 2162 822 2204 complete

68 2219 158 2249 naturam
170 2215 250 2249 alicuius
263 2215 333 2257 speeiei
344 2216 376 2248 vel
387 2215 465 2257 generis
480 2215 605 2256 substantiae,
622 2215 657 2247 sed
672 2218 718 2247 sunt
729 2215 777 2257 quid
788 2216 823 2248 1111-

68 2269 174 2311 perlectum
190 2269 210 2302 in
225 2269 257 2303 illo
273 2279 349 2311 genere.
373 2268 491 2302 Huiusmodi
510 2271 574 2302 autern
590 2271 636 2302 sunt
650 2271 716 2310 partes
731 2269 823 2311 physicae

69 2324 171 2365 compositi
183 2323 316 2357 substantialis
325 2323 366 2356 sive
375 2323 487 2356 essentiales
496 2323 537 2356 sive
544 2323 655 2364 integralesy
667 2325 689 2355 ut
697 2323 822 2356 manifestum

68 2379 103 2411 est.
127 2377 206 2410 Materia
222 2376 273 2410 enim
288 2379 306 2410 51
320 2376 384 2410 torma
400 2379 445 2410 sunt
459 2376 554 2418 principia
569 2375 689 2410 substantiae
704 2376 822 2418 compositae

69 2431 179 2473 completae,
194 2433 213 2464 et
227 2430 308 2463 materia
322 2433 352 2464 est
366 2440 401 2464 ens
415 2430 436 2463 in
450 2430 541 2472 potentia,
552 2430 617 2463 torma
628 2440 675 2464 vero
688 2432 717 2463 est
729 2432 783 2463 aetus
795 2430 823 2463 in-

69 2485 176 2526 completus
187 2484 208 2517 in
220 2494 291 2527 genere
303 2485 428 2518 substantiae.
448 2484 540 2518 Similiter
550 2494 620 2518 manns
633 2487 651 2517 et
663 2493 703 2526 pes,
715 2493 764 2526 quae
777 2487 823 2518 sunt

68 2540 134 2580 partes
146 2537 251 2580 integrales
263 2538 357 2580 animalis,
369 2538 412 2572 lieet
424 2548 463 2572 non
472 2537 538 2572 sintin
547 2538 584 2571 alio
593 2538 642 2571 sicut
651 2538 671 2570 111
680 2537 771 2579 subiecto,
784 2548 823 2572 non

69 2595 133 2626 tamen
145 2592 261 2635 participant
272 2593 366 2635 complete
378 2596 468 2626 naturam
480 2591 560 2626 alieuius
573 2591 653 2634 speciei;
665 2592 717 2626 unde
729 2602 769 2626 non
778 2596 823 2627 sunt

68 2646 89 2681 in
100 2647 164 2690 aliqua
177 2647 239 2690 specie
251 2656 314 2690 neque
325 2647 346 2681 in
358 2647 422 2690 aliquo
434 2657 504 2690 genere
516 2646 554 2680 nisi
566 2656 601 2688 per
613 2646 752 2681 reductionem.
