1846 3062
234 165 342 204 oosrsrro
353 163 405 197 11111
426 166 549 198 surrectus
561 166 583 197 vr
749 156 786 193 195

33 259 151 294 contrarium
163 258 214 300 fidei,
230 259 267 292 hoc
278 268 317 292 non
329 262 359 292 est
370 259 509 302 philosophiae,
522 260 556 294 sed
568 260 631 303 niagis
640 260 788 303 philosophiae

33 316 107 351 abusus
120 322 140 348 ec
152 312 228 348 defectu
236 312 329 349 tutionis.
350 313 375 349 Et
382 313 425 350 ideo
434 314 527 359 possibile
536 318 570 360 est,
582 326 606 351 ex
616 314 718 360 principiis
727 315 788 359 philo-

34 370 112 414 sophiae
126 369 239 403 huiusmodi
253 379 340 404 errorem
356 371 450 413 refellere,
467 372 497 405 vel
513 372 633 406 ostendendo
648 371 728 406 omniuo
743 381 787 405 csse

32 423 153 466 impossibile
164 423 196 457 vel
207 433 246 457 non
258 433 301 457 esse
312 424 449 458 necessarium.

98 476 129 508 Sic
140 475 201 516 igitur
212 475 232 507 iu
245 485 299 508 sacra
315 476 403 508 doctrina
418 476 541 517 philosophia
555 486 662 517 possumus
677 477 787 518 tripliciter

33 529 68 563 uti.
91 527 159 561 Priario
174 527 199 560 ad
213 528 388 561 demonstrandum
402 537 430 570 ea,
447 538 497 571 quae
515 532 561 562 suut
575 531 715 572 praeambulo
730 530 784 572 fidei,

33 592 81 628 quae
93 580 202 617 necessaria
215 583 260 617 sunt
271 581 291 617 in
302 581 349 617 fidei
362 582 449 619 scientia:
465 586 486 619 ut
501 593 527 628 ea,
543 595 592 628 quae
608 586 730 621 naturalibus
742 586 787 621 rati-

33 639 103 674 onibus
115 649 126 673 a
138 639 178 673 Deo
189 638 304 681 probantur,
316 642 338 673 111
348 640 410 673 Deum
422 649 470 678 esse,
483 641 545 674 Deum
557 650 600 675 esse
611 651 678 682 unum,
690 644 709 675 et
720 642 787 676 huius-

33 693 85 727 modi
97 693 128 726 vel
139 693 162 726 de
175 693 215 726 Deo
227 693 258 726 vel
270 693 293 726 de
305 685 399 727 creaturis
411 694 431 726 iu
442 694 566 736 philosophia
577 696 664 736 probata,
677 705 726 736 quae
735 695 787 728 fides

32 746 134 788 suppetiit.
158 745 250 778 Secuueto
267 745 295 777 cui
306 746 457 778 uotificuuduru
468 755 503 786 per
515 746 589 787 aliquas
601 746 747 780 similitudines
759 756 787 787 ea,

33 807 82 840 quae
94 800 140 830 sunt
151 797 203 839 fidei,
215 796 265 830 sicut
276 796 398 839 Augustinus
409 797 430 830 in
441 797 497 831 libris
509 798 533 831 de
541 798 634 832 Trinitate
645 799 707 832 utitur
719 799 786 833 multis

34 850 193 886 similitudinibus
205 851 229 886 ad
241 850 405 887 rnauiiestaudum
416 850 534 888 Trinitatem.
553 853 656 889 Iuducitur
668 854 719 889 eninr
731 854 787 899 ratio,

33 918 72 943 non
84 917 133 951 quae
146 907 265 943 sufficienter
280 909 351 951 probet
365 908 456 951 radicem,
472 910 506 943 sed
521 919 570 952 quae
584 910 645 944 radici
658 910 697 944 iam
711 910 787 953 positae

33 963 122 996 ostendat
134 971 241 1004 congruere
253 965 394 1004 consequentes
405 962 496 996 effectus:
511 963 557 1005 quia
569 973 594 996 sc.
607 963 700 997 'trinitate
710 964 784 1005 posita,

33 1018 148 1057 coupruuut
159 1015 272 1048 huiusmodi
283 1015 374 1048 rationes.
394 1016 461 1048 Potest
472 1015 532 1057 igitur
540 1016 565 1047 ad
573 1017 728 1057 cognoscendam
740 1016 787 1048 fidei

33 1068 134 1100 veritatem
146 1068 231 1099 humana
242 1067 292 1100 ratio
307 1067 381 1108 aliquas
396 1076 453 1100 veras
469 1067 605 1101 similitudines
620 1067 719 1110 colligere:
737 1077 787 1110 quae

33 1124 97 1155 tanren
109 1130 148 1154 non
161 1120 261 1155 sufficiunt
276 1120 353 1165 adhoc,
370 1121 423 1166 quod
437 1121 536 1166 praedicta
551 1121 623 1157 veritas
638 1122 695 1167 quasi
709 1123 787 1158 demon-

34 1176 114 1213 strative
128 1178 160 1212 vel
171 1187 206 1221 per
222 1187 243 1213 se
257 1177 352 1213 intellecta
367 1178 548 1221 comprehendatur.
572 1179 597 1212 Et
613 1179 640 1212 sic
655 1179 717 1214 utitur
732 1189 787 1214 sacra

33 1233 120 1267 doctriua
131 1232 206 1266 ratione
217 1233 311 1266 humana:
323 1243 365 1266 riou
377 1233 404 1266 ud
413 1233 546 1275 protundum
558 1232 623 1275 ficiem,
637 1234 672 1267 secl
684 1234 786 1267 (1111001111-

33 1288 147 1321 tectoucluiu
160 1286 232 1328 utiquo
244 1286 293 1328 rtiiu,
308 1296 357 1327 quae
369 1287 473 1319 traduntur
484 1286 505 1319 in
516 1287 552 1319 hac
563 1286 656 1319 doctrina.
677 1287 725 1319 Cum
735 1286 787 1319 euim

33 1339 95 1380 gratia
103 1348 142 1371 non
150 1339 204 1371 tollat
213 1341 308 1377 naturam,
318 1339 352 1370 sed
361 1338 454 1378 perficiat,
463 1340 544 1379 oportet,
556 1339 609 1379 quod
618 1338 723 1371 cauturulis
732 1338 787 1371 ratio

32 1391 145 1425 subserviat
153 1390 208 1424 tidei.
221 1390 246 1423 Et
252 1389 297 1424 inde
303 1393 338 1433 est,
346 1390 399 1433 quod
406 1390 463 1424 etiam
470 1390 618 1425 auetoritatibus
624 1390 786 1434 philosophorum

33 1456 88 1482 sacra
94 1445 182 1482 doctrina
188 1445 255 1490 utitur,
263 1445 297 1482 ubi
303 1456 339 1490 per
345 1445 439 1482 rationem
447 1447 554 1482 naturalem
561 1447 663 1482 veritatem
670 1458 788 1492 cognoscere

33 1506 143 1546 potueruut.
164 1503 189 1536 Et
200 1503 247 1536 utile
259 1505 293 1545 est,
305 1504 327 1536 ut
338 1502 358 1535 iu
370 1502 483 1536 huiusmodi
490 1502 599 1536 rationibus
608 1505 787 1545 quantumcumque

33 1558 129 1591 debilibus
142 1566 163 1590 se
175 1566 230 1589 meus
238 1557 323 1589 humana
331 1559 424 1597 exerceat,
436 1556 543 1589 dummodo
551 1556 602 1588 desit
610 1556 788 1597 comprehendendi

33 1611 64 1643 vel
76 1609 223 1642 demonstrandi
233 1609 376 1649 praesumptio:
389 1608 435 1649 quia
447 1609 470 1640 de
482 1608 542 1640 rebus
550 1608 651 1640 altissimis
660 1608 719 1640 etiam
726 1618 789 1649 parva

32 1665 51 1694 et
63 1661 121 1695 debili
136 1660 290 1694 consideratione
304 1660 377 1702 aliquid
391 1669 451 1702 posse
465 1659 561 1702 inspicere
577 1659 741 1694 iucundissimum
753 1663 788 1693 est.

33 1716 81 1750 Nam
90 1715 198 1758 minimum,
208 1714 261 1759 quod
269 1716 334 1759 potest
341 1713 409 1750 haberi
419 1714 442 1750 dc
451 1713 560 1760 cognitione
569 1725 635 1750 rerum
643 1714 788 1759 altissimarum,

33 1772 181 1808 desiderabilius
193 1775 223 1806 est
233 1782 291 1815 quam
300 1771 409 1806 certissima
417 1771 507 1814 cognitio,
519 1781 569 1815 (luae
577 1772 660 1806 habetur
668 1772 692 1806 de
701 1771 788 1806 minimis

33 1829 97 1870 rebus,
109 1830 131 1861 ut
143 1827 213 1860 dicitur
224 1826 245 1859 in
257 1826 454 1860 decertatoribus.
476 1826 501 1859 Et
513 1826 540 1859 sic
551 1826 601 1859 ratio
613 1827 740 1859 utouuducto
749 1836 788 1868 per

33 1881 94 1914 tidem
106 1880 176 1914 crescit
187 1879 207 1912 in
215 1880 256 1919 hoc,
268 1881 290 1911 ut
298 1878 342 1920 ipsa
350 1878 448 1911 credibilia
456 1877 532 1919 plenius
541 1878 702 1919 comprehendat;
714 1880 733 1910 et
741 1880 788 1910 tunc

32 1932 76 1972 ipsa
87 1932 231 1973 quodammodo
246 1930 340 1972 intelligit.
355 1931 406 1962 unde
421 1930 491 1961 dicitur
503 1930 529 1962 Is.
541 1932 557 1971 7,
569 1931 589 1962 9:
606 1930 648 1962 Nisi
660 1929 787 1971 credideritis,

32 1994 71 2018 11011
83 1984 200 2028 intelligetis.
224 1983 288 2018 Tertio
301 1984 329 2018 od
343 1983 476 2018 resisteuduru
487 1983 523 2028 his,
539 1992 588 2028 quae
603 1985 670 2019 contra
684 1983 745 2019 iidem
761 1983 788 2019 di-

33 2043 108 2085 cuntur,
117 2040 159 2077 sive
165 2040 285 2077 ostendendo
292 2050 335 2075 esse
341 2040 395 2084 falsa,
403 2040 444 2075 siue
450 2040 570 2075 ostendendo
577 2050 616 2075 non
623 2051 666 2076 esse
672 2041 787 2076 necessaria.

33 2096 53 2130 Si
65 2098 116 2131 enim
128 2097 254 2131 adversarius
266 2096 313 2130 nihil
328 2096 394 2130 credat
408 2105 481 2137 eorum,
496 2105 545 2138 qnae
561 2095 655 2129 diuinitus
670 2095 788 2137 revelantur,

32 2154 119 2183 remanet
134 2151 166 2184 via
180 2152 205 2184 ad
221 2150 336 2183 solvendum
351 2149 441 2190 rationes,
457 2148 473 2182 si
488 2158 538 2190 quas
549 2149 628 2189 inducit,
643 2151 710 2189 contra
721 2149 788 2181 iidem.

34 2202 82 2235 Cum
94 2203 146 2236 euim
157 2203 207 2235 fides
219 2202 315 2235 infallibili
326 2201 404 2234 veritati
415 2201 514 2240 innitatur,
526 2200 647 2241 impossibile
655 2203 720 2233 autem
730 2200 755 2233 sit
764 2201 788 2233 de

33 2264 79 2289 vero
97 2255 229 2289 demonstrari
246 2254 370 2296 contrarium,
391 2253 516 2287 manifestum
534 2256 568 2297 est,
589 2253 720 2298 probationes,
738 2263 788 2297 quae

33 2312 99 2346 contra
110 2310 170 2346 iidem
185 2309 309 2355 inducuntur,
325 2321 366 2346 oou
382 2320 421 2346 esse
435 2310 621 2354 deueoustrotioues,
639 2311 673 2346 sed
687 2310 788 2346 soltibilio

33 2370 159 2409 [1100110010.
184 2368 214 2401 Ex
228 2377 267 2410 quo
286 2366 385 2401 evidenter
400 2366 502 2409 colligitur,
520 2376 654 2409 quaecumque
672 2368 788 2407 argumenta

33 2424 100 2454 contra
110 2421 158 2455 fidei
169 2422 285 2454 documenta
296 2423 399 2462 ponantur,
414 2421 461 2452 haec
475 2429 499 2452 ex
511 2419 612 2461 principiis
624 2419 693 2461 primis
705 2421 788 2451 naturae

32 2474 99 2507 inditis
110 2484 146 2515 per
159 2484 179 2507 se
190 2473 242 2506 notis
255 2483 294 2505 non
306 2475 357 2505 recte
372 2472 477 2513 procedere
481 2482 485 2511 ς
502 2472 554 2503 uude
568 2481 603 2503 nec
615 2470 788 2503 demonstrationis

33 2525 72 2557 vim
84 2526 161 2567 habent,
174 2526 208 2558 sed
220 2525 252 2558 vel
264 2526 310 2558 sunt
321 2523 406 2557 rationes
418 2522 529 2565 probabiles
542 2522 573 2557 vel
585 2522 702 2566 sophisticae
706 2534 711 2564 ;
726 2523 745 2555 11
761 2522 790 2556 sic

32 2579 57 2614 ad
69 2588 90 2615 ea
103 2579 197 2616 solvenda
208 2578 262 2615 locus
274 2578 397 2625 relinquitur.

53 2632 55 2635 ’
98 2637 153 2672 Unde
165 2639 223 2680 patet,
235 2637 288 2680 quod
300 2637 347 2671 haec
359 2635 438 2670 scientia
450 2634 616 2677 occiperepotest
627 2635 700 2677 aliquid
709 2636 789 2678 11111110-

33 2691 118 2732 sophicis
133 2691 246 2733 disciplinis‚
264 2700 303 2723 nou
320 2691 372 2732 quod
387 2700 411 2723 ex
426 2689 540 2722 necessitate
558 2688 586 2722 eis
602 2688 693 2731 indigeat,
712 2689 746 2722 sed
763 2689 789 2722 ad

694 2742 722 2773 13*
