1846 3062
132 141 162 178 VI
447 149 571 183 PRAEFATIO

132 254 230 289 ueterum
250 254 282 289 tot
303 250 394 289 saeculis
415 249 540 288 christianis
557 251 650 299 probata
668 250 825 299 benedictaque
842 251 885 288 rite

133 317 279 354 connectendo
294 316 441 362 adsumentum
457 319 542 354 veteres
557 316 657 354 mirando
672 318 693 353 et
707 316 838 364 venerando,
852 327 884 353 re-

133 386 204 420 centes
219 382 277 419 haud
292 381 432 429 despiciundo
450 382 488 419 sed
502 382 595 419 humane
613 384 633 419 et
647 381 701 429 ipsis
716 382 802 420 utendo.
831 381 885 419 Cum

133 459 190 496 ergo,
203 448 261 496 quod
270 457 309 484 nos
319 446 406 494 quidem
415 447 438 483 in
447 447 520 484 schola
531 446 615 495 experti
625 446 696 493 simus,
707 447 806 484 doctrina
816 448 885 484 sancti

133 512 226 549 Thomae
242 511 300 548 inter
318 522 391 548 omnes
406 515 491 548 veteres
508 511 598 548 maioris
615 511 638 547 in
656 511 733 548 animis
748 511 885 549 alumnorum

132 587 171 613 nec
181 576 252 623 capiat
266 575 333 612 vitam
343 575 429 623 plenam
444 586 483 612 nec
498 576 598 621 virescat,
613 575 655 612 nisi
669 575 721 612 viva
732 575 831 623 magistri
841 587 885 613 vox

132 639 246 677 accesserit
261 643 282 676 et
292 650 331 687 per
342 639 441 676 auditum
455 639 585 687 sapientiam
599 640 630 677 eis
644 639 771 687 Angelioam
786 639 885 677 concilia-

131 703 194 749 verit,
209 703 258 740 talis
273 714 362 749 summa,
377 703 448 751 qualis
460 703 513 740 haec
523 706 560 750 est,
574 703 656 740 scilicet
667 714 722 751 quae
733 703 885 741 auctoritatem

131 768 229 805 nativam
239 779 287 805 cum
296 772 449 816 argumentosa
457 768 596 816 simplicitate
605 768 674 806 artius
683 768 800 817 coniungit,
808 779 885 817 reapse

131 832 299 869 instrumentum
320 832 437 870 habebitur
459 832 587 882 disciplinae
605 833 746 871 scholasticae
763 833 885 883 proportio-

131 896 207 935 natum
225 901 290 947 atque
308 901 465 947 opportunum:
487 898 567 948 quippe
588 910 631 948 quo
648 910 692 938 non
709 899 780 937 minus
797 900 885 949 ingenio

133 964 268 1013 arbitrioque
282 964 382 1013 magistri
396 964 543 1013 indulgeatur,
561 976 626 1013 quam
641 964 714 1002 stabili
730 965 885 1014 discipulorum

131 1030 263 1068 institutioni
279 1030 404 1067 consulatur
420 1041 538 1078 eorumque
552 1030 685 1067 incremento
701 1030 792 1078 copioso.
817 1030 885 1068 Simul

132 1106 184 1133 uero
197 1106 279 1132 smnma
290 1096 364 1133 eadem
378 1095 487 1133 inservire
501 1095 588 1133 scholae
602 1096 683 1144 poterit
698 1099 809 1144 tamquam
824 1107 885 1145 prae-

131 1160 217 1208 paratio
235 1161 403 1209 praeceptioque
421 1164 523 1208 exoptata
541 1160 696 1197 nonnullarum
713 1161 827 1209 permagni
842 1173 885 1198 mo-

131 1226 198 1263 menti
213 1226 369 1274 quaestionum,
390 1225 482 1274 quaein
497 1228 560 1273 parte
574 1225 645 1273 prima
660 1225 791 1274 Tlieoiogiae
808 1226 885 1264 tunda-

131 1290 231 1328 mentalis
252 1301 290 1327 seu
311 1290 334 1327 in
357 1290 541 1328 demonstratione
564 1290 688 1328 Christiana
710 1301 774 1338 saepe
796 1291 885 1328 brevius

132 1356 259 1392 tractandae
274 1357 329 1392 sunt.

199 1419 267 1455 Tertio
282 1418 375 1465 deniqne
387 1419 411 1455 id
421 1422 496 1455 votum
506 1422 543 1465 est,
558 1421 582 1454 ut
592 1429 675 1455 summa
684 1418 742 1464 haec,
758 1429 806 1455 oum
816 1406 885 1456 sancti

132 1483 226 1520 Thomae
243 1482 302 1519 illius
319 1482 419 1519 Doctoris
436 1482 597 1530 philosophiam
615 1485 662 1519 arte
679 1482 817 1530 systematiea
837 1493 885 1520 oon·

132 1547 211 1594 cludat,
228 1547 275 1595 ipsa
292 1557 332 1595 per
350 1558 373 1583 se
391 1547 418 1584 ad
433 1547 580 1585 litteratorum
595 1546 706 1584 hominum
720 1547 886 1585 universitatem

132 1612 230 1649 nonnihil
244 1611 358 1661 pertineat.
382 1612 437 1650 Nam
450 1612 549 1661 ipsorum
563 1614 662 1650 textuum
672 1612 745 1651 studio
754 1623 798 1651 uno
809 1616 830 1651 et
840 1612 885 1652 solo

131 1690 194 1728 posse
212 1678 365 1735 philosophum
385 1690 491 1728 quemque
511 1678 630 1717 scientifice
648 1679 758 1717 aestimari
776 1682 797 1717 et
814 1679 886 1718 existi·

131 1745 192 1793 mari,
207 1745 276 1794 liquet
290 1750 310 1785 et
325 1746 464 1796 perspicuum
476 1749 514 1783 est.
539 1745 580 1784 Sed
591 1757 618 1783 ex
628 1745 659 1783 eis
668 1746 833 1793 recentioribus,
849 1747 886 1794 qui

132 1811 236 1849 Thomam
253 1812 354 1860 opinione
372 1811 522 1860 praeiudicata
540 1811 640 1848 adorturi
653 1810 784 1849 immanibus
797 1822 886 1849 suorum

132 1888 232 1915 errorum
241 1877 349 1926 portentis
359 1877 486 1925 Angelioam
496 1876 656 1926 philosophiam
666 1876 768 1914 inficiunt
775 1876 886 1914 iniectam-

132 1953 173 1989 que
183 1942 346 1989 parvipendunt
356 1943 391 1979 vel
402 1952 493 1990 prorsus
503 1941 610 1987 reiioiunt,
621 1946 725 1989 quotnam
732 1951 784 1978 vere
791 1940 886 1987 inerunt,

132 2006 169 2053 qui
184 2006 255 2054 ipsum
269 2007 305 2044 vel
319 2006 383 2043 unius
398 2010 483 2044 tantum
498 2005 631 2054 quaestionis
650 2016 771 2043 sermonem
788 2008 833 2042 tam
851 2006 886 2042 ad-

132 2071 262 2109 mirabiliter
271 2072 386 2120 proprium
396 2074 417 2109 et
427 2082 554 2120 expressum
564 2082 576 2108 a
585 2070 645 2108 fonte
652 2070 810 2119 repetiverint?
830 2069 887 2113 Quin

132 2136 202 2183 etiam,
218 2136 269 2174 dum
283 2147 391 2174 novarum
404 2147 479 2174 rerum
493 2135 561 2173 libido
576 2146 615 2183 per
627 2135 720 2183 speciem
729 2146 887 2183 progressurae

132 2201 235 2239 scientiae
254 2201 336 2249 ubique
357 2200 506 2238 vehementius
525 2199 699 2248 ingravescebat,
720 2199 818 2248 ipsorum
837 2211 887 2248 pro-

131 2266 225 2304 fessione
240 2265 396 2304 catholicorum
412 2265 500 2313 quidam
510 2264 648 2302 sollicitiores
662 2275 700 2302 seu
709 2264 851 2312 inquietiores
861 2276 887 2302 eo

132 2331 300 2377 deducebantur,
313 2334 338 2367 ut
351 2333 454 2379 putarent
467 2333 488 2367 et
502 2329 663 2376 contenderent,
677 2340 699 2367 se
709 2340 772 2377 posse
783 2328 887 2365 Thomam

131 2395 262 2441 examinare,
285 2395 389 2432 Thomam
410 2394 526 2441 corrigere.
559 2394 587 2430 At
609 2396 684 2430 tantae
703 2392 887 2440 praesumptionis

131 2459 189 2495 ratio
207 2470 231 2495 ae
248 2459 285 2496 via
303 2458 368 2504 nulla,
388 2459 411 2495 ni
429 2457 532 2503 fallimur,
552 2457 594 2494 aiia
612 2457 679 2494 fuerit
696 2457 739 2493 nisi
756 2456 808 2493 ista:
829 2457 887 2504 quod

131 2522 214 2560 scilicet
228 2522 332 2560 Thomam
350 2526 387 2561 aut
405 2524 474 2561 totum
491 2521 636 2570 inadaequate
654 2524 783 2569 acceperant
801 2524 839 2558 aut
857 2520 887 2558 di·

131 2588 430 2626 midiumdureviolaverant.
446 2587 507 2626 Unde
513 2598 553 2626 nec
559 2587 648 2625 summis
654 2586 718 2625 labiis
724 2584 888 2635 calicemphilo-

131 2654 221 2704 sophiae
235 2653 281 2693 eius
296 2654 433 2704 praeclarum
448 2658 550 2704 poterant
561 2654 674 2704 attingere,
690 2664 740 2692 suas
752 2652 888 2692 solummodo
