1846 3062
231 157 338 197 purasne
350 158 372 189 111
395 158 516 191 aurientes
527 159 556 189 rn
744 149 769 185 27
815 154 817 156 “

81 256 107 288 An
122 264 230 286 aaaonnxrun
244 263 286 284 ratio
301 263 379 285 nicarnun
397 254 449 294 qnod
468 263 530 295 genus
546 254 591 287 dioit
607 253 686 295 quidem
702 256 770 294 toturn,

17 309 69 353 quod
82 307 127 341 dieit
139 306 254 347 differentia,
270 307 304 339 sed
317 307 401 346 confuse,
416 305 526 340 indistinete
538 309 557 339 et
568 306 722 340 indeterminate.
746 306 771 338 Et

17 365 60 398 ideo
68 363 145 403 praeter
154 369 216 403 genus
224 361 282 394 debet
289 359 336 403 poni
344 359 363 393 in
373 358 484 393 definitione
493 359 612 401 differentia3
622 370 667 394 nam
677 358 770 401 definitio,

17 420 39 452 ut
53 415 99 449 dicit
114 414 244 456 Philosophus
261 416 269 447 1
282 414 340 456 Phys.
354 424 368 447 e.
381 415 395 455 i,
411 414 468 447 dehet
484 413 573 448 distinete
588 424 661 457 ponere
676 413 771 456 principia

17 469 97 512 definiti,
110 479 159 512 qnae
171 471 217 503 sunt
228 478 290 513 genus
303 471 321 503 et
333 467 448 503 differentia.

330 579 460 587 Q

278 664 399 697 ARTICULUS
411 665 513 698 SEPTIMUS

80 764 143 792 U'l'RUll
157 763 280 791 Dirrrnm'rm
295 764 438 793 convanmhrra
452 763 553 791 nn'lnlrha
567 764 588 791 IN
603 763 711 799 confinitimi.

252 817 344 846 andraian
358 818 380 845 ΕΤ
393 817 538 846 Phornnssnmn

49 922 148 944 DSEPTIMUM
160 922 183 944 sic
196 922 300 945 rnoaronua.
323 912 404 946 Videtur
422 913 475 955 quod
491 912 601 946 differentia
616 922 655 946 non
673 912 772 946 dividatur

20 925 47 996 Α
60 965 197 999 convenienter
208 965 228 998 in
240 975 368 1005 eommnnem,
383 966 483 1008 propriam
498 968 517 999 et
531 965 693 1007 propriissimum.
718 966 773 1000 Com-

19 1028 77 1053 mune
93 1018 143 1051 enim
161 1028 200 1051 non
215 1018 310 1052 diuiditur
325 1022 392 1051 eontra
406 1018 514 1060 proprium.
539 1018 576 1052 Sed
591 1019 611 1051 in
626 1019 661 1052 hae
677 1018 773 1052 divisione

20 1074 51 1106 illa
63 1072 101 1105 dno
113 1071 164 1104 inter
176 1081 197 1105 se
209 1071 329 1105 dividuntur.
353 1072 406 1115 Ergo
418 1072 467 1105 male
480 1071 574 1106 diuiditur
586 1071 701 1105 differentia.

86 1137 119 1171 Sao
135 1147 197 1168 conans
209 1147 236 1168 asr
251 1137 355 1171 auctoritas
368 1136 473 1180 Porphyrii
488 1137 593 1171 dividentis
608 1136 738 1170 differentiam
753 1136 773 1170 in

20 1201 147 1233 communem,
159 1191 259 1235 propriam
271 1194 290 1226 et
302 1191 464 1235 propriissimam.

85 1259 182 1292 Rnspounro
194 1269 273 1291 nrormun
285 1259 337 1302 quod
349 1260 400 1293 reete
412 1262 431 1292 et
439 1258 575 1293 convenienter
583 1258 706 1301 Porphyrius
719 1257 773 1292 diffe-

21 1313 102 1347 rentiam
112 1312 186 1347 dividit.
199 1313 247 1347 Nam
257 1313 329 1356 triplae
338 1316 368 1347 est
377 1313 491 1347 differentia.
507 1313 556 1355 Unci,
567 1323 616 1356 quae
625 1316 654 1347 est
662 1312 773 1347 differentia

21 1367 159 1409 substantialis
172 1377 221 1410 quae
233 1367 303 1401 dividit
314 1377 376 1409 genus
388 1377 423 1409 per
432 1377 453 1401 se
461 1370 480 1401 et
488 1377 532 1401 oum
540 1367 572 1402 illo
582 1367 681 1401 constitnit
690 1367 773 1410 speeiem

21 1425 39 1455 et
45 1421 181 1464 propriissime
187 1421 232 1454 faeit
238 1421 295 1462 alind,
302 1424 324 1454 nt
330 1421 423 1455 rationale
430 1425 520 1463 respeotu
526 1421 620 1461 hominis;
630 1431 679 1463 quae
685 1424 774 1463 propter-

21 1485 43 1508 ea
55 1475 193 1518 aPhilosopho
205 1475 335 1517 ssllfefnpltpa.
348 1484 362 1509 c.
375 1477 396 1509 12
408 1474 478 1509 dieitur
490 1478 530 1509 tota
542 1475 651 1509 substantia
663 1475 697 1508 rei.
717 1474 771 1518 Atto,

20 1538 69 1571 qnae
85 1529 210 1572 consequitur
224 1529 314 1571 formam,
329 1538 390 1572 aqua
406 1529 489 1563 sumitur
505 1528 615 1563 differentia
627 1528 773 1571 propriissima;

20 1583 71 1623 unde
89 1585 108 1616 et
126 1583 201 1616 causari
216 1582 286 1616 dieitur
302 1593 327 1616 ex
342 1582 443 1624 prineipiis
462 1583 536 1624 speciei,
554 1586 576 1616 ut
593 1582 666 1616 risibile
684 1586 774 1624 respeotu

21 1636 110 1669 hominis.
134 1635 182 1670 Ana
194 1637 278 1677 demum,
293 1645 342 1678 quae
355 1637 444 1669 convenit
455 1636 562 1670 individuis
579 1636 702 1669 diversarum
716 1635 775 1678 speci·

20 1699 81 1730 erum,
90 1699 139 1731 quae
148 1699 187 1722 non
194 1692 284 1723 causatur
291 1699 315 1722 ex
320 1689 421 1731 principiis
431 1689 505 1731 speeiei,
515 1690 549 1723 sed
555 1686 657 1729 individui,
665 1692 687 1722 ut
695 1691 774 1731 nigrum

21 1745 39 1774 et
47 1742 113 1775 album
121 1745 211 1784 respectu
219 1741 309 1775 hominis.
330 1742 355 1774 Et
364 1742 392 1775 sio
400 1742 525 1775 manifestum
533 1744 568 1784 esty
577 1742 630 1784 quod
638 1742 774 1775 convenienter

21 1794 115 1828 dividitur
127 1794 237 1828 differentia
248 1794 268 1827 in
280 1794 442 1837 propriissimam,
455 1795 555 1837 propriam
567 1798 586 1828 et
598 1804 725 1828 communem.

86 1861 113 1894 An
124 1871 232 1893 insinuassem
243 1871 285 1892 sntio
297 1871 376 1892 urrunnun
388 1861 440 1902 qnod
452 1870 554 1894 commune
566 1870 601 1902 per
612 1860 774 1902 praedicationem

22 1915 71 1949 siout
83 1925 145 1960 genus
157 1925 196 1950 non
208 1914 302 1949 dividitur
314 1917 381 1949 eontra
392 1914 500 1958 proprium,
514 1914 548 1949 sed
560 1924 662 1949 commune
673 1924 708 1956 per
721 1924 775 1957 prae-

22 1970 136 2005 dieationem
149 1971 198 2005 sient
208 1971 296 2005 accidens
308 1973 373 2013 potest
384 1969 445 2004 dividi
456 1973 523 2004 eontra
533 1970 641 2013 proprium.
662 1969 715 2004 Sient
724 1969 775 2004 enirn

22 2029 73 2059 reote
85 2025 179 2060 dividitur
193 2025 280 2060 aeoidens
295 2025 315 2058 in
332 2034 433 2059 oonnnnne
449 2027 467 2059 et
481 2025 589 2068 proprium,
606 2024 632 2058 ita
647 2027 699 2059 reete
714 2024 775 2058 dividi

21 2082 86 2122 potest
98 2080 208 2114 differentia
219 2080 239 2113 in
252 2089 374 2113 eommunem
386 2082 404 2113 et
416 2079 522 2122 propriam.

334 2190 463 2197 wlff*

284 2274 406 2307 ARTICULUS
417 2274 516 2308 OCTAVUS

155 2372 216 2399 UTRUM
230 2372 325 2400 herimaro
340 2372 435 2400 INillVIDUI
449 2372 477 2399 SIT
490 2372 549 2400 andra
564 2372 645 2399 rathma

53 2477 63 2497 n
75 2477 149 2499 ocinum
163 2478 186 2498 su
201 2476 306 2498 rnooannun.
329 2466 410 2499 Videtur
426 2467 479 2508 qnod
494 2476 534 2499 non
548 2470 599 2500 reote
612 2465 716 2499 definiatur
728 2465 777 2498 indi-

26 2477 140 2562 Avidum,
155 2521 208 2564 quod
223 2520 346 2563 praedieatnr
361 2521 384 2554 de
399 2530 438 2554 nno
450 2520 497 2554 solo.
520 2520 570 2554 Dicit
582 2519 633 2553 enim
645 2519 777 2562 Philosophus

23 2575 155 2619 filfetaphpa.
168 2585 182 2609 e.
191 2576 211 2609 13
221 2578 240 2610 et
249 2576 274 2617 15,
287 2574 339 2618 quod
349 2574 447 2617 singulare
458 2584 497 2608 non
510 2576 573 2617 potest
586 2573 668 2614 definiri,
681 2573 731 2608 sieut
743 2583 778 2608 neo

24 2629 160 2665 demonstrari.
184 2630 221 2665 Sed
233 2629 356 2664 individuum
368 2632 398 2664 est
410 2629 513 2673 singulare.
537 2630 590 2673 Ergo
602 2628 726 2664 imliridutnn
738 2639 778 2664 non

24 2688 88 2726 potest
100 2686 183 2720 definiri,
