1846 3062
305 153 411 194 QUAESTIO
423 154 460 185 VIII
482 153 604 186 ARTICULUS
616 155 631 186 11

157 254 171 286 3.
187 253 291 290 Pmarrnru,
305 250 325 283 in
337 251 463 285 Praedicare.
476 261 490 285 c.
503 253 513 285 8
527 250 658 294 Philosophus
673 250 723 292 dicit,
739 252 791 293 quod
805 251 844 285 ior·

91 308 143 339 tasse
156 307 276 348 apparebunt
288 304 319 337 alii
330 305 383 339 modi
395 305 498 348 qualitatis,
511 307 530 338 et
539 306 591 347 quod
601 305 646 338 dieti
656 307 706 346 sunt,
718 304 752 347 qui
760 306 844 338 maxime

92 360 183 393 dicuntur
194 359 301 401 qualitates.
325 359 363 392 Sed
375 360 411 393 hoc
423 362 453 393 est
465 359 507 392 dari
519 358 566 392 alias
579 359 653 401 species
665 361 742 400 praeter
754 362 844 400 quatuor.

93 414 146 455 Ergo
159 413 231 455 species
244 412 346 454 qualitates
358 413 425 455 plures
438 415 483 446 sunt
495 422 553 455 quam
566 415 655 455 quatuor.

156 468 171 499 4.
180 467 285 504 Panamara,
294 466 393 499 character
402 469 432 499 est
440 466 527 508 qualitas.
549 465 587 499 Sed
597 476 635 499 non
644 468 673 498 est
681 466 719 498 ulla
728 474 752 498 ex
760 469 844 508 quatuor

92 518 198 560 speciebus.
218 520 261 552 Non
270 518 321 551 enim
330 522 360 552 est
367 520 451 560 habitus,
464 519 509 561 quia
521 519 552 551 hic
560 520 661 553 ordinatur
673 520 698 552 ad
710 519 783 561 aliquid
795 520 844 552 bene

91 572 122 604 vel
133 573 187 613 male,
200 573 298 605 character
310 582 357 605 vero
370 573 394 605 ad
406 572 479 615 aliquid
491 572 613 613 simpliciter3
626 582 688 614 neque
697 574 727 605 est
736 572 843 614 dispositio,

91 624 136 666 quia
145 634 184 658 uon
192 628 221 658 est
229 625 284 658 facile
292 625 375 667 mobilis,
388 626 422 659 sed
430 625 508 658 omnino
516 625 634 666 indelebilis;
647 634 709 667 neque
719 627 748 658 est
759 625 845 666 potentia

91 679 190 721 naturalis,
199 679 244 722 quia
250 679 347 721 potentiae
355 679 446 713 omnibus
456 678 567 713 hominibus
576 689 689 713 communes
698 681 744 713 sunt
752 681 770 712 et
777 679 845 713 insunt

91 742 102 765 a
114 735 188 773 natura,
200 743 239 767 non
251 736 315 767 autern
327 733 435 774 character;
448 742 510 776 neque
522 735 552 766 est
563 733 657 767 naturalis
669 733 787 776 impotentia,
800 733 845 776 quia

91 790 137 821 tunc
156 794 275 822 sacramenta
293 788 422 822 characterem
440 787 571 831 imprimentia
586 787 649 831 magis
667 787 768 822 officerent
786 798 844 832 quarn

92 842 189 885 iuvarent,
208 853 270 887 neque
287 846 316 877 θεῖ
330 843 351 876 111
365 843 422 877 tertia
437 843 499 886 specie
516 843 619 886 qualitatis,
637 843 682 886 quia
696 842 753 876 ter-tta
771 843 844 886 species

92 907 131 931 non
143 898 204 932 estin
217 898 304 932 sensibili
315 901 370 940 parte
382 899 462 940 animae,
479 899 577 932 character
592 901 656 932 autem
671 901 701 931 θεῖ
716 898 737 930 in
751 901 806 939 parte
817 898 845 931 in-

92 952 195 994 tellectiva;
211 962 273 995 neque
288 953 366 986 demum
381 956 411 987 θεῖ
422 953 486 986 torma
498 953 529 986 vel
540 952 610 995 figura,
625 952 670 995 quia
682 953 728 985 haec
740 954 769 985 θεῖ
781 952 845 985 ῖθ1·1111-

93 1006 144 1040 natio
157 1007 275 1050 quantitatis,
287 1007 351 1040 anima
363 1017 415 1049 vero,
427 1007 447 1040 in
457 1017 495 1049 qua
503 1009 533 1040 θεῖ
541 1007 644 1048 character,
657 1016 695 1040 non
704 1008 734 1039 est
742 1007 845 1048 quantitas.

94 1061 146 1103 Ergo
160 1061 233 1103 species
246 1061 344 1103 qualitatis
357 1064 402 1095 sunt
414 1062 481 1103 plures
493 1070 552 1103 quarn
564 1065 653 1104 quatuor.

159 1137 193 1170 Suu
205 1146 268 1168 corma
282 1147 310 1168 rsr
324 1137 377 1178 quod
389 1137 520 1178 Philosophus
535 1136 555 1169 111
567 1137 692 1170 Praedicare.
705 1145 719 1169 c.
732 1137 742 1169 8
756 1138 846 1169 numerat

93 1192 168 1222 tantum
181 1192 265 1232 quatuor
277 1189 351 1231 species
363 1189 467 1232 qualitatis.

159 1266 256 1298 Rusrounao
265 1275 345 1296 chEu'DUlt
353 1266 406 1307 quod
414 1268 498 1307 quatuor
511 1267 557 1297 sunt
568 1268 643 1297 tantum
657 1264 730 1306 species
742 1264 845 1305 qualitatis.

92 1317 122 1350 Ad
129 1317 183 1351 cuius
190 1318 364 1351 manifestationem
372 1318 540 1358 considerandum,
549 1319 601 1359 quod
609 1317 658 1351 sicut
664 1317 737 1350 dictum
744 1321 773 1350 est
780 1327 845 1359 supra,

94 1372 200 1405 secuudum
216 1371 296 1404 modum
312 1371 344 1404 vel
359 1371 540 1405 determinationem
557 1371 638 1404 subiecti
656 1370 720 1413 quoad
738 1379 781 1404 esse
800 1369 846 1403 acci-

93 1425 168 1459 dentale
187 1425 240 1459 varie
261 1428 358 1467 acceptam
379 1425 537 1459 diversificantur
558 1425 632 1467 species
649 1423 752 1467 qualitatis.
776 1425 845 1458 Modus

93 1481 158 1513 auteur
174 1489 208 1514 seu
223 1479 357 1513 determinatIo
373 1479 454 1514 subiecti
470 1479 576 1513 secundum
591 1489 634 1513 esse
652 1478 767 1513 accidentale
782 1481 846 1522 potest

93 1533 153 1577 accipi
172 1536 203 1570 cel
222 1535 243 1568 in
263 1534 331 1569 ordine
350 1536 375 1569 ad
393 1535 456 1578 ipsam
479 1537 569 1569 naturam
589 1534 670 1569 subiecti
689 1535 720 1568 cel
740 1534 846 1568 secundum

94 1589 188 1624 actionem
209 1591 239 1624 vel
262 1590 379 1633 passionem,
402 1600 451 1633 quae
476 1593 622 1632 consequuntur
645 1589 739 1632 principia
761 1592 846 1632 naturae,

94 1654 143 1687 quae
161 1648 207 1679 sunt
224 1645 305 1678 materia
321 1647 340 1678 et
354 1644 423 1686 torma,
441 1645 472 1678 ccl
488 1644 594 1679 secundum
609 1644 741 1687 quantitatem.
765 1643 785 1678 Si
800 1653 846 1686 ergo

93 1698 198 1740 accipiatur
215 1700 286 1732 modus
304 1701 323 1732 et
339 1699 473 1732 determinatio
491 1698 572 1732 subiecti
589 1699 608 1731 111
628 1698 696 1731 ordine
714 1698 738 1731 ad
757 1701 846 1731 naturam

94 1752 127 1792 rei,
150 1753 274 1787 constituitur
289 1752 361 1795 prima
381 1752 454 1795 species
471 1751 574 1795 qualitatis,
594 1752 676 1786 habitus
696 1754 714 1785 et
733 1752 844 1795 dispositio,

95 1807 202 1840 secundum
214 1816 263 1849 quae
270 1809 340 1839 natura
352 1806 488 1840 convenienter
501 1816 521 1839 se
533 1807 590 1840 habet
602 1806 633 1839 vel
644 1806 664 1838 in
677 1815 698 1839 se
710 1806 740 1839 vel
752 1807 777 1839 ad
789 1806 846 1839 aliud.

95 1860 115 1894 Si
132 1870 179 1894 vero
197 1860 301 1902 accipiatur
319 1861 424 1894 secundum
441 1860 535 1894 actionem
552 1863 571 1893 et
588 1859 705 1902 passionem,
723 1859 847 1893 constituitur

95 1915 179 1948 secunda
190 1917 209 1947 et
221 1914 277 1947 tertia
290 1914 372 1955 species:
384 1915 473 1948 secunda
485 1914 569 1955 quidem,
582 1924 607 1947 se.
617 1914 722 1947 1111111ἀί11
727 1914 821 1955 potentin
830 1916 847 1947 et

94 1968 219 2009 iirzpotectio,
238 1967 254 2000 si
269 1967 403 2001 determinatio
416 1967 497 2001 subiecti
509 1967 613 2008 accipiatur
630 1967 737 2000 secundum
752 1966 847 2008 principia

94 2021 175 2054 aetionis
192 2024 211 2054 et
228 2020 331 2062 passionis,
349 2022 410 2055 tertia
427 2023 496 2061 autem,
514 2020 607 2054 nimirum
622 2021 693 2062 passio
710 2022 728 2053 et
739 2020 847 2061 passibilis

95 2073 189 2116 qualitas,
207 2074 223 2107 si
235 2074 339 2115 accipiatur
356 2075 463 2108 seeundum
479 2073 590 2107 terminum.
614 2074 634 2108 si
649 2074 728 2107 demum
743 2073 847 2115 accipiatur

95 2127 165 2160 modus
177 2130 195 2160 et
205 2127 339 2160 determinatio
349 2128 430 2161 subiecti
439 2127 545 2161 secundum
554 2127 686 2169 quantitatem,
699 2126 726 2160 sic
734 2129 763 2159 est
772 2129 847 2169 quarta

95 2180 168 2223 species
181 2180 284 2224 qualitatis,
297 2191 322 2214 sc.
331 2181 397 2215 torma
409 2184 427 2215 et
439 2181 514 2223 sipara.
534 2180 616 2214 Ponitur
628 2183 692 2214 autern
701 2179 765 2223 prima
774 2180 847 2223 species

94 2235 192 2279 quaIItatis
207 2235 285 2270 habitus
301 2238 320 2270 et
334 2235 436 2279 dispositio
454 2238 473 2269 et
491 2235 575 2270 secundo
591 2236 633 2270 loco
650 2235 738 2278 seqnitur
753 2234 847 2269 naturalis

95 2291 180 2333 potentia
199 2294 218 2325 et
237 2291 354 2333 impotentia,
374 2291 420 2335 quia
439 2290 518 2324 habItus
537 2290 617 2333 respicit
635 2293 730 2332 naturam,
750 2300 799 2332 quae
818 2292 848 2323 est

95 2345 186 2388 primum,
202 2346 255 2388 quod
270 2345 404 2380 consideratur
418 2346 438 2379 in
450 2355 476 2387 re,
492 2347 511 2378 et
525 2345 623 2387 praecedit
634 2345 733 2386 actionem,
749 2354 808 2386 quam
819 2354 848 2378 re-

96 2399 152 2442 spicit
163 2400 254 2442 potentia.

160 2465 186 2498 Aa
198 2475 260 2497 raihun
271 2474 313 2496 auco
324 2475 403 2497 urrunnun
419 2465 472 2507 quod
484 2467 627 2507 argumentum
634 2463 721 2506 procedit
733 2464 756 2497 de
769 2465 846 2506 licitere,

96 2519 202 2552 secundum
214 2518 267 2561 quod
278 2518 393 2560 intelligitur
404 2518 477 2561 aliquid
489 2517 575 2551 medium
587 2518 637 2551 inter
648 2518 721 2551 habens
730 2520 749 2551 et
757 2517 782 2560 id,
795 2518 848 2561 quod

96 2571 183 2613 habetur,
194 2574 254 2613 prout
266 2581 291 2605 sc.
303 2581 365 2605 unum
377 2575 407 2606 est
419 2581 491 2605 ornans
503 2572 535 2605 vel
546 2574 614 2613 tegens
626 2574 645 2604 et
653 2571 705 2604 aliud
714 2573 805 2605 ornatum
817 2572 848 2605 vel

96 2626 172 2658 tectum.
186 2625 216 2658 Sic
222 2625 273 2658 enim
280 2627 310 2658 est
316 2626 414 2667 quoddam
421 2625 605 2667 praedicamentum.
617 2625 672 2658 Nunc
679 2627 743 2658 autern
749 2625 848 2667 loquimur

96 2676 120 2709 de
132 2677 208 2719 habitu,
227 2681 286 2719 prout
300 2687 332 2711 res
347 2678 411 2720 aliqua
425 2678 496 2711 dicitur
510 2677 654 2719 quodammodo
671 2687 691 2711 se
706 2678 778 2712 habere
792 2678 812 2711 in
828 2688 848 2712 se
