1846 3062
293 124 400 165 QUAESTIO
411 125 441 156 Vll
462 124 584 157 ARTIGULUS
595 125 618 156 ΠΙ
806 116 831 153 57

79 232 125 257 suas
137 222 267 263 differentiam
283 222 319 256 hoe
333 222 385 256 enim
401 224 474 264 speotat
488 222 513 255 ad
525 222 641 256 divisionem
652 221 760 255 formalem.
785 222 833 256 Gon-

78 277 155 312 tiuuum
167 280 231 310 autem
243 279 262 310 et
274 276 380 310 discretum
393 278 438 310 sunt
447 276 530 318 primae
542 276 669 311 differentiae
677 275 796 318 quantitatis,
808 286 833 310 ex

79 332 151 374 quibus
163 332 212 365 duae
224 330 297 373 speeies
305 330 416 365 immediate
424 330 574 373 eonststuuntur,
586 331 700 374 magnitudo
710 340 735 364 so.
743 333 762 364 et
769 331 833 365 multi-

79 387 131 420 tudo.
151 387 198 419 Nam
208 386 280 420 babere
288 389 354 427 partes
363 385 462 427 copulatas
471 385 495 418 ad
503 384 586 428 aliquem
596 385 700 419 terminum
709 395 832 419 communem

79 443 109 474 est
123 450 166 484 esse
181 440 299 474 continuum.
323 441 348 473 Et
362 440 434 473 habere
451 441 517 482 partes
532 450 572 473 nou
589 440 688 482 copulatas
706 440 730 473 ad
748 440 832 482 aliquem

79 495 184 528 terminum
202 503 324 528 communem
342 497 372 528 est
390 503 433 527 esse
451 493 562 527 discretum.
591 494 646 528 Unde
664 493 795 536 Philosophus
812 494 832 527 in

79 548 205 583 Praedicare.
218 553 232 582 e.
244 549 254 582 6
266 547 317 590 dioit,
329 549 382 591 quod
393 548 444 582 linea
455 550 485 581 est
497 548 592 590 continua,
605 548 650 591 quia
662 558 783 583 communem
796 551 833 582 ter-

79 603 154 637 minum
167 612 244 637 sumere
252 602 300 644 lieet,
313 613 351 646 quo
361 606 427 645 partes
435 602 477 636 eius
489 602 638 645 coniunguntur,
650 612 719 645 nempe
728 606 832 645 punetu1n;

79 660 98 691 et
110 667 203 691 nanterus
216 659 245 690 est
257 656 358 699 discretus,
370 657 416 700 quia
427 657 513 699 partium
524 657 601 691 numeri
613 657 678 690 nullus
686 659 716 690 est
724 658 832 691 eommunis

80 712 180 753 terminus,
193 721 231 753 quo
244 720 276 744 eae
288 714 354 753 partes
366 711 514 754 coniungantur,
526 714 548 744 ut
559 711 597 744 tria
608 714 627 744 et
639 713 713 753 septem
721 711 774 745 nullo
783 721 833 745 eom-

81 766 134 799 muni
151 765 234 799 termino
252 765 397 809 ooniimguntur
411 766 436 799 ad
451 766 521 799 decem.
545 766 600 800 Unde
615 766 703 800 sentencia
718 765 788 799 divisio
803 768 833 799 est

80 820 146 853 eadem
159 829 202 853 eum
215 819 317 861 superiori,
332 811 377 862 quia
392 820 464 853 habere
479 822 545 861 partes
559 819 676 862 positionem
688 819 771 852 invicem
782 820 833 853 inter

80 882 101 907 se
113 874 211 915 habentes,
224 874 337 907 esthabere
348 876 414 916 partes
427 873 525 915 copulatas
538 874 562 907 ad
574 873 658 916 aliquem
670 873 775 906 terminum
784 883 834 907 oom-

79 937 167 969 mune1n3
180 930 199 961 et
210 928 281 961 habere
292 930 358 970 partes
366 938 405 961 non
413 928 506 961 habentes
516 927 637 970 positionem,
649 930 679 961 est
687 928 759 961 habere
767 930 833 970 partes

80 981 174 1016 diseretas
189 982 213 1015 ad
224 982 312 1016 invicem.
332 982 454 1025 Quamquam
466 991 505 1015 nou
514 991 571 1016 oraine
580 982 691 1015 continuum
700 982 759 1015 habet
766 985 833 1024 partes

79 1036 196 1077 positionem
207 1037 301 1070 habentes
313 1037 338 1070 ad
349 1036 441 1078 invieem3
458 1036 507 1069 siout
518 1038 601 1078 tempus,
614 1036 666 1078 quod
678 1038 708 1069 est
720 1037 832 1070 continuum

80 1090 209 1131 materialiter,
221 1090 264 1123 lieet
277 1090 301 1123 sit
314 1090 419 1124 discretum
430 1090 543 1124 formaliter.

144 1144 213 1182 ¹Tertia
227 1154 274 1178 vero
289 1144 360 1178 divisio
374 1145 394 1178 iu
410 1147 507 1187 qeecentenn
521 1154 592 1186 perse
609 1148 628 1178 et
644 1144 665 1177 in
682 1146 780 1186 quantaene
795 1154 834 1187 per

81 1199 173 1232 aetianis
185 1198 277 1241 peculiari
288 1199 363 1233 ratione
374 1199 394 1232 in
406 1199 561 1241 praedicamento
574 1198 687 1241 quantitatis
697 1198 761 1231 locum
770 1199 833 1232 habet.

80 1251 110 1285 Ad
122 1252 177 1286 euius
189 1252 364 1287 manifestationem
377 1253 476 1287 sciendum
488 1255 522 1293 est,
535 1254 588 1296 quod
600 1252 697 1295 quantitas
710 1255 739 1285 est
746 1253 833 1294 primum

79 1305 130 1340 inter
142 1307 206 1341 onmia
218 1307 322 1341 accidentia
334 1310 353 1341 et
364 1317 399 1350 per
411 1316 532 1349 consequens
544 1308 594 1340 inter
606 1307 638 1340 illa
649 1306 779 1349 propinquius
789 1308 833 1341 sub-

81 1361 167 1395 stantiae.
187 1362 211 1394 In
223 1362 263 1395 solo
272 1361 323 1394 euim
332 1362 445 1404 quantitatis
453 1371 524 1404 genere
533 1362 604 1394 dantur
612 1361 676 1403 aliqua
683 1370 718 1403 per
727 1370 747 1393 se
756 1364 833 1403 quanta.

81 1415 169 1453 Quorum
181 1416 281 1458 qeeaedane
291 1415 426 1458 significantur
437 1425 473 1458 per
485 1415 565 1449 modum
578 1414 697 1448 substantiae
710 1424 744 1448 seu
755 1418 777 1448 ut
790 1416 834 1449 sub·

80 1468 137 1510 ieota;
156 1469 205 1503 siout
219 1469 274 1509 linea,
293 1469 411 1511 superficies,
426 1478 520 1502 numerus
535 1473 554 1502 et
570 1469 644 1502 similia.
667 1469 771 1507 Quodlibet
782 1469 832 1502 enim

80 1522 164 1557 istorum
176 1526 206 1557 est
216 1523 380 1557 seebatnnticeiiter
395 1526 494 1566 quantum,
510 1523 555 1565 quia
569 1523 589 1556 in
605 1522 717 1556 definitione
732 1523 834 1557 cuiuslibet

80 1577 160 1619 ponitur
172 1577 276 1619 quantitas.
295 1577 344 1611 Nam
353 1577 403 1611 linea
411 1580 440 1611 est
449 1577 547 1619 quantitas
556 1577 646 1611 continua
656 1577 762 1610 seeundum
773 1577 834 1620 longi-

81 1631 168 1665 tudinem
181 1631 290 1673 divisibilis‚
302 1635 321 1665 et
333 1631 421 1665 similiter
434 1634 463 1665 est
475 1632 499 1665 de
511 1631 558 1665 aliis.
584 1631 688 1672 Quaedam
700 1633 764 1664 autem
777 1631 835 1674 signi-

80 1684 165 1719 fieantur
179 1695 214 1728 per
229 1685 309 1718 modum
324 1686 403 1719 habitus
418 1686 449 1719 vel
464 1685 561 1728 passionis
577 1685 620 1719 talis
639 1685 767 1726 substautiae;
786 1685 835 1719 siout

80 1740 164 1773 multtun
176 1742 195 1773 et
207 1749 289 1781 pauoum
303 1739 438 1782 signifieantur
450 1742 472 1772 ut
479 1739 581 1781 passiones
593 1739 674 1777 numeri.
687 1741 705 1772 et
716 1740 834 1781 productum

81 1796 99 1825 et
111 1794 171 1827 breve
183 1795 205 1826 ut
213 1793 316 1835 passiones
325 1794 391 1835 lineae⁷
404 1796 422 1827 et
433 1794 494 1826 latum
503 1796 521 1826 et
530 1794 619 1827 strictum
627 1796 649 1827 ut
656 1793 758 1835 passiones
769 1804 835 1837 super-

80 1845 135 1888 ficiei,
148 1849 167 1880 et
178 1847 299 1889 profundum
307 1850 326 1880 et
334 1848 394 1880 altum
402 1850 424 1880 ut
432 1847 534 1889 passiones
543 1847 636 1889 eorporis.
655 1847 724 1889 Aliqua
732 1857 779 1881 vero
789 1851 834 1881 sunt

82 1903 153 1942 quauta
165 1910 200 1942 per
212 1901 311 1941 aooidensJ
324 1903 342 1934 et
355 1904 400 1934 sunt
413 1901 512 1943 deepiieie.
533 1901 582 1934 Nam
594 1902 694 1944 pinnedene
702 1901 728 1934 ita
738 1901 834 1943 dieantur,

82 1954 127 1996 quia
139 1957 185 1988 sunt
196 1954 300 1988 accidentia
312 1955 392 1988 alieuius
405 1955 486 1988 subiecti
498 1955 570 1997 quanti
585 1957 607 1988 ut
621 1955 687 1988 album
702 1957 720 1988 et
732 1956 834 1989 musicum.

84 2007 188 2048 Qeeeeeene
196 2011 260 2041 autem
269 2008 359 2042 dicuntur
368 2012 440 2051 quauta
448 2018 483 2051 per
491 2008 579 2042 aeoidens
588 2018 648 2050 exeo,
657 2009 710 2051 quod
719 2009 835 2043 dividuntur

83 2063 189 2096 seeundum
197 2062 324 2105 quantitatem
333 2063 357 2096 ad
367 2063 482 2097 divisionem
491 2062 571 2096 alieuius
580 2063 699 2105 quantitatis,
712 2063 761 2096 sieut
769 2066 835 2097 motus

82 2119 101 2149 et
112 2119 195 2159 tempus,
208 2126 257 2159 quae
269 2116 360 2151 dicuntur
372 2119 445 2159 quanta
452 2119 471 2150 et
480 2117 575 2159 continua,
588 2117 633 2159 quia
640 2117 677 2158 illa,
690 2127 774 2159 quorum
785 2122 835 2160 sunt,

81 2169 186 2204 divisibilia
198 2173 244 2203 sunt
255 2173 274 2203 et
285 2170 328 2212 ipsa
340 2171 454 2205 dividuntur
466 2171 490 2204 ad
502 2170 618 2204 divisionem
631 2181 704 2204 eorum.

146 2246 173 2279 An
188 2256 249 2278 ramma
263 2257 305 2278 aneo
320 2258 339 2279 ur
351 2258 371 2279 an
383 2257 454 2279 runrrun
465 2248 517 2289 patet
530 2247 600 2280 solutio
612 2256 636 2280 ex
648 2246 709 2280 dietis.

146 2301 173 2334 An
188 2311 269 2332 sscurnuu
283 2311 363 2333 oreuxuuu
375 2302 428 2344 quod
440 2302 514 2344 drepien
525 2304 555 2335 est
566 2301 643 2343 positio.
669 2301 717 2342 Uace,
731 2311 780 2342 quae
793 2311 836 2335 eon-

83 2354 145 2388 stituit
157 2354 335 2397 praedicamentum
348 2355 407 2395 situs;
423 2358 441 2389 et
453 2354 498 2389 dieit
510 2355 598 2389 ordinem
610 2354 696 2397 partium
708 2355 767 2389 totius
779 2356 836 2389 looati

83 2409 107 2442 ad
117 2409 186 2442 locum.
201 2408 272 2442 Altera
280 2412 315 2450 est,
323 2419 372 2452 quae
382 2413 412 2443 est
420 2409 476 2452 quasi
484 2408 594 2443 differentia
603 2408 716 2451 quantitatis
725 2409 835 2450 contiuuae5

83 2465 101 2495 et
113 2462 159 2496 dioit
171 2462 259 2496 ordinem
271 2464 356 2505 partium
368 2464 388 2497 in
400 2466 441 2497 toto
449 2463 572 2497 existentium
583 2463 607 2496 ad
615 2462 703 2496 invicem.
724 2463 752 2495 De
761 2463 836 2496 ratione

83 2519 147 2549 autem
159 2516 273 2558 quantitatis
285 2520 315 2550 est
327 2518 375 2551 ordo
387 2518 478 2560 partium.
502 2516 553 2550 Talis
568 2517 628 2559 igitur
640 2516 711 2558 positio
726 2515 746 2548 in
761 2517 836 2559 quanti·

83 2569 128 2603 tatis
140 2569 214 2603 ratione
226 2570 337 2605 includitur.
