1846 3062
113 139 139 176 54
332 147 438 188 Qunusrro
450 148 479 180 Vll
501 147 622 181 ARTICULUS
634 149 641 180 Ι

113 245 301 288 611111111111.
325 244 362 278 Sed
377 244 501 278 divisibilitas
516 245 536 278 in
550 248 616 288 partes
631 244 721 279 convenit
734 244 863 284 substantiae;

114 299 222 333 substantia
237 297 343 341 composita
358 298 409 332 enim
424 299 519 333 dividitur
533 299 553 332 in
569 303 634 342 partes
649 298 767 339 essentiales,
783 301 830 341 puta
844 298 864 331 in

113 353 213 387 materiam
223 355 241 386 et
248 353 337 394 formam,
346 352 393 386 etin
402 357 467 395 partes
476 353 586 396 integrales,
594 354 642 387 utin
649 363 676 395 os,
684 363 773 394 nervum,
782 362 864 395 earnem,

113 411 135 440 ut
147 407 216 440 dicitur
226 409 235 440 1
243 407 302 449 Phys.
311 416 325 439 o.
333 408 349 440 4.
369 407 422 450 Ergo
431 407 554 441 divisibilitas
563 408 620 442 debet
629 407 748 442 substantiae
756 409 864 449 competere

114 461 187 494 ratione
200 461 239 502 sui3
252 464 270 494 et
283 460 360 494 sichon
372 461 409 494 erit
421 462 470 495 ratio
482 462 600 504 quantitatis.

179 537 212 571 Snn
231 547 293 569 comm
310 547 338 568 111
356 538 408 580 quod
426 538 556 581 Philosophus
574 540 584 572 4
600 538 711 580 lretapups.
728 546 742 571 c.
760 538 780 570 13
798 536 866 570 definit

114 594 214 633 quantum,
226 593 279 634 quod
291 591 311 624 in
323 601 350 633 ea,
362 602 411 634 quae
423 592 495 635 insunt,
508 593 604 627 divisibile
617 594 651 626 est.

179 668 278 700 Responnnc
289 678 369 699 memnon
377 669 429 710 quod
439 668 463 702 de
472 669 546 702 ratione
554 669 631 702 formali
639 667 752 710 quantitatis
761 667 866 710 rmdtiplec

114 724 144 755 est
155 721 316 764 philosophorum
329 721 399 764 opinio.
421 722 509 763 Quidam
517 723 568 756 enim
578 723 649 763 diount,
661 722 755 756 rationein
764 721 866 755 formalem

114 776 227 818 quantitatis
239 786 282 809 esse
294 776 389 809 rationem
403 776 505 810 formalem
520 777 610 819 partium.
634 777 672 811 Sed
686 777 733 809 haec
748 775 813 818 opinio
827 785 866 808 non

114 830 192 863 videtur
200 840 251 872 vera,
260 829 305 873 quia
313 830 363 863 ratio
370 830 459 864 formalis
467 831 554 873 plurium
562 831 646 873 partium
657 830 750 873 supponit
759 830 866 863 secundum

114 893 156 917 rem
174 886 192 917 et
209 884 304 917 rationem
321 884 479 918 divisibilitatem.
502 886 552 918 Nam
568 885 631 919 omnis
649 884 750 926 pluralitas
765 883 828 917 oritur
842 893 866 917 ex

115 936 242 980 distinetione,
262 937 359 971 distinctio
377 941 441 972 autem
459 939 587 981 quantitative
604 942 633 972 est
650 948 685 980 per
702 937 817 972 divisionem
835 937 867 971 vel

115 990 273 1026 divisibilitatem.

181 1056 205 1089 Et
217 1056 260 1090 ideo
273 1056 312 1091 cclii
324 1056 395 1098 dicunt,
410 1057 504 1091 rationem
518 1058 621 1091 formalem
633 1056 746 1100 quantitatis
757 1056 778 1090 in
789 1066 812 1090 eo
824 1066 867 1090 con-

115 1109 189 1151 sistere,
201 1111 254 1152 quod
267 1111 292 1144 sit
304 1110 416 1152 oconpativa
428 1111 486 1153 spatii
497 1121 541 1144 cum
553 1111 663 1145 exclusione
675 1110 760 1144 alterius.
780 1110 818 1144 Sed
829 1109 867 1143 ista

115 1163 180 1205 opinio
192 1164 257 1198 minus
269 1164 389 1198 rationabilis
402 1164 485 1198 videtur.
508 1165 566 1198 Prius
578 1165 629 1199 enim
645 1167 675 1198 est
686 1164 810 1198 considerare
825 1174 867 1197 rem

114 1217 134 1250 in
147 1227 167 1251 se
179 1228 238 1260 quam
249 1219 269 1251 in
281 1218 349 1251 ordine
361 1219 385 1252 ad
397 1218 454 1252 aliud.
474 1220 523 1252 Nam
534 1219 582 1253 illud
594 1222 624 1253 est
635 1218 758 1253 considerare
769 1228 810 1251 rem
823 1217 868 1251 sim-

115 1270 194 1313 pliciter,
210 1273 246 1306 hoc
260 1282 307 1306 vero
323 1273 430 1306 secundum
445 1273 492 1315 quid
507 1275 526 1306 et
540 1283 575 1315 per
590 1282 711 1315 consequeus
724 1272 830 1306 secundum
842 1272 867 1314 id⁷

115 1326 168 1367 quod
179 1335 219 1359 non
231 1329 260 1360 est
272 1327 292 1359 in
303 1326 346 1368 ipsa
358 1327 442 1360 essentia
453 1326 481 1360 rei
494 1336 528 1360 seu
540 1327 589 1360 ratio
601 1326 689 1360 formalis
700 1326 758 1359 illius.
778 1326 816 1360 Sed
824 1335 867 1359 esse

116 1379 250 1421 occupativum
263 1380 321 1423 spatii
332 1390 376 1414 cum
388 1380 498 1414 exclusione
513 1381 592 1415 alterius
609 1380 698 1415 convenit
714 1379 817 1423 quantitati
832 1389 867 1422 per

116 1433 204 1466 ordinem
216 1435 310 1468 adalind.
330 1435 383 1476 Ergo
395 1438 414 1468 et
425 1435 462 1468 hoc
473 1444 512 1468 non
524 1437 554 1468 est
565 1434 615 1468 ratio
626 1434 714 1468 formalis
727 1434 845 1476 quantitatis.

181 1486 230 1521 Alia
242 1497 289 1531 ergo
301 1487 366 1529 opinio
378 1490 408 1521 est
420 1487 529 1529 dicentium,
541 1487 636 1521 rationem
644 1487 746 1520 formalem
755 1486 867 1529 quantitatis

116 1549 159 1573 esse
171 1551 293 1581 mensuram3
306 1551 355 1583 quae
367 1541 438 1583 positio
449 1541 531 1583 propius
543 1541 615 1575 accedit
627 1541 651 1574 ad
660 1540 767 1574 veritatem.
787 1541 836 1574 Nam
844 1541 868 1574 de

116 1594 223 1635 quantitate
240 1595 279 1628 duo
297 1594 421 1636 potissimum
436 1594 521 1628 artifices
537 1597 624 1637 tractant,
645 1593 719 1636 logicus
738 1594 830 1627 nimirum
850 1596 868 1628 et

116 1647 251 1690 philosophus.
271 1648 295 1682 Et
307 1648 382 1690 logicus
394 1648 478 1690 quidem,
490 1649 535 1691 quia
544 1658 584 1682 non
593 1647 702 1682 considerat
711 1650 791 1682 naturas
801 1657 868 1681 rerum

117 1702 224 1735 secundum
237 1712 257 1736 se
265 1702 296 1736 111
305 1702 412 1735 secundum
421 1711 478 1736 suum
487 1712 534 1744 esse,
548 1702 597 1736 11111
606 1702 739 1745 philosophus,
751 1702 785 1735 sed
793 1704 868 1736 tantum

117 1756 224 1789 secundum
236 1756 289 1798 quod
301 1755 367 1789 dicunt
379 1755 467 1789 ordinem
479 1756 503 1789 ad
515 1756 632 1790 intellectum
644 1757 663 1788 et
673 1756 779 1789 secuudum
788 1756 868 1789 modum

116 1809 245 1852 praedicandi,
261 1809 383 1843 considerare
398 1812 463 1851 potest
477 1810 604 1852 quantitatem
620 1810 656 1843 suh
671 1809 745 1842 ratione
760 1818 868 1843 mensurae.

116 1863 165 1896 Nam
177 1864 224 1896 haec
236 1863 326 1897 convenit
338 1863 440 1905 quantitati
452 1873 487 1905 per
499 1864 587 1897 ordinem
602 1864 627 1897 ad
638 1863 765 1902 intellectuum
781 1863 869 1896 consistit

116 1917 167 1950 eninr
180 1917 200 1950 in
212 1927 239 1959 eo⁷
252 1918 304 1960 quod
317 1917 342 1950 sit
353 1917 378 1959 id,
391 1927 430 1960 quo
441 1917 549 1951 intellectus
562 1918 585 1951 de
594 1917 700 1960 quantitate
709 1917 737 1950 rei
746 1916 869 1950 certificatur.

118 1971 142 2003 Et
155 1971 171 2004 si
183 1972 219 2004 hoc
230 1974 306 2005 tantum
318 1972 360 2004 vult
372 1971 428 2004 tertia
440 1971 510 2013 opinio,
523 1981 569 2004 vera
581 1975 616 2005 est.
640 1971 660 2005 Si
671 1980 719 2004 vero
730 1971 834 2013 loquamur
846 1971 869 2003 de

117 2024 191 2058 ratione
205 2025 283 2059 formali
299 2025 412 2067 quantitatis
430 2026 537 2058 seeundum
555 2035 575 2059 se
593 2028 611 2058 et
627 2025 733 2059 secundum
751 2034 809 2057 suum
826 2034 869 2057 esse

118 2081 211 2120 sumptae,
226 2082 307 2113 nonest
319 2088 370 2112 vera.
393 2080 442 2112 Nam
454 2079 503 2112 ratio
515 2078 603 2112 formalis
616 2078 729 2121 quantitatis
742 2078 769 2111 sic
781 2081 869 2120 sumptae

117 2142 156 2166 non
168 2133 225 2167 debet
237 2133 346 2176 dependere
361 2134 385 2166 ab
397 2135 441 2166 actu
455 2132 535 2174 animae,
550 2142 594 2166 cum
609 2131 712 2175 quantitati
726 2131 827 2165 conveniat
843 2141 870 2165 se-

117 2187 202 2220 cundum
215 2197 235 2221 se
247 2191 266 2221 et
277 2188 430 2229 independenter
442 2188 465 2220 ab
478 2186 547 2220 anima.

183 2241 208 2274 Et
219 2241 263 2275 ideo
275 2241 315 2275 ulii
327 2241 393 2275 dicunt
404 2243 423 2274 et
434 2250 485 2282 vere,
498 2240 551 2283 quod
562 2239 612 2273 ratio
622 2238 710 2273 formalis
719 2238 831 2282 quantitatis
841 2242 871 2273 est

117 2295 246 2329 divisibilitas.
270 2296 322 2335 Quae
340 2295 410 2337 positio
428 2298 458 2328 est
475 2294 589 2336 Philosophi
606 2296 624 2327 et
641 2295 706 2335 potest
722 2293 807 2336 probari,
825 2293 870 2336 quia

117 2349 240 2383 divisibilitas
253 2353 282 2383 est
294 2349 343 2383 ratio
355 2349 409 2391 prior
421 2357 543 2392 quacumque
555 2347 592 2381 alia
606 2347 685 2381 inventa
699 2346 719 2379 in
734 2347 840 2389 quantitate
851 2350 870 2380 et

117 2404 173 2437 radix
184 2404 262 2438 illarum
274 2404 369 2444 omnium3
382 2413 417 2437 nec
428 2403 467 2437 ulla
478 2402 515 2435 alia
526 2402 576 2435 ratio
587 2400 675 2435 formalis
685 2401 798 2443 quantitatis
806 2404 870 2444 potest

117 2461 194 2500 praeter
212 2459 261 2492 hanc
278 2457 380 2500 assignari.
405 2458 429 2490 Et
446 2458 550 2499 propterea
565 2455 696 2497 Philosophus
714 2455 774 2495 docet,
792 2465 870 2489 cansam

117 2512 233 2554 pluralitatis
248 2511 334 2555 partium
348 2511 459 2554 potentialis
477 2520 512 2544 seu
527 2509 608 2543 rationis
623 2509 711 2543 formalis
725 2509 811 2552 partium
827 2519 870 2543 esse

118 2566 276 2601 diuisibilitatem.
296 2566 327 2599 Ita
338 2566 390 2600 enim
403 2575 423 2599 se
435 2566 494 2598 habet
505 2563 555 2597 ratio
566 2563 652 2606 partium
664 2563 837 2606 quantitativarum
846 2564 871 2597 ad

119 2620 275 2663 divisibilitatern,
292 2620 341 2654 11111
355 2621 404 2654 ratio
419 2619 506 2663 plurium
521 2618 594 2652 entium
609 2618 720 2652 formalium
735 2619 759 2652 ad
771 2618 871 2653 divisibili-

119 2678 178 2709 tatem
189 2676 296 2710 formalem.
316 2676 363 2709 Ideo
375 2678 440 2709 autem
453 2677 498 2708 sunt
510 2673 574 2716 aliqua
582 2673 639 2715 plura
646 2672 759 2716 formaliter,
771 2673 817 2716 quia
826 2675 871 2707 sunt
