1846 3062
312 141 418 180 QUAESTIO
430 141 452 172 IX
475 141 596 173 ARTICULUS
607 143 615 173 Ι

332 341 491 385 QUAESTIO
507 342 598 380 NONA

246 450 279 486 DE
292 450 512 488 PRAEDIGAMENTO
525 451 681 488 RELATIONIS

354 563 372 582 lh*
383 562 412 582 SEX
424 562 512 582 Anmanos
524 563 578 582 DIVlSA

89 624 194 692 quinne
206 646 368 682 considerandum
381 649 410 682 est
422 647 445 682 de
457 647 613 692 praedicamento
625 647 729 684 relationis.

88 714 141 776 a&
161 703 215 738 Circa
227 703 280 746 qnod
292 707 413 746 qnaernntnr
426 713 464 738 sex.

186 758 261 789 Primo:
274 757 298 789 de
310 757 412 790 existentia
423 758 523 790 relationis
534 758 597 790 realis.

187 809 283 842 Secundo:
296 810 320 842 de
331 809 423 842 relatione
435 810 482 842 reali
494 812 592 852 tamquam
605 809 765 852 praedicamento.

187 862 260 898 Tertio:
273 862 297 898 de
309 862 421 899 delinitione
433 862 538 899 relationis.

187 919 269 958 Quarto:
283 920 306 953 de
318 919 445 954 fundamento
457 921 562 955 relationis.

187 974 267 1010 Quinto:
280 976 346 1005 utrum
358 974 425 1006 relatio
437 975 515 1006 realiter
527 974 658 1015 distinguatur
669 974 820 1005 afundamento.

187 1025 254 1057 Sexto:
267 1025 291 1057 de
302 1025 455 1067 proprietatibus
467 1026 598 1058 relativorum.

358 1169 480 1201 ARTICULUS
491 1169 571 1200 PRIMUS

311 1263 371 1290 arnon
386 1263 446 1290 aaron
460 1263 540 1291 aunario
555 1262 622 1291 REALIS

119 1362 129 1383 u
141 1362 203 1384 rmnun
214 1363 238 1384 sie
250 1362 355 1384 anonumum.
374 1352 455 1386 Videtur
467 1353 519 1395 qnod
530 1362 569 1386 non
579 1353 635 1386 detur
643 1352 710 1385 relatio
719 1352 781 1394 realis,
794 1362 843 1395 qnae

91 1363 117 1434 Α
132 1415 156 1439 so.
170 1406 194 1438 sit
206 1415 240 1438 ens
252 1406 303 1438 reale
315 1408 370 1438 extra
382 1405 471 1438 animam.
491 1405 540 1438 Dioit
549 1406 600 1438 eninr
609 1405 701 1438 Boethius
711 1406 735 1438 de
744 1406 844 1438 Trinitate

90 1467 104 1490 e.
117 1459 132 1498 6⁷
144 1458 197 1498 quod
208 1458 289 1490 relativa
301 1457 349 1489 nihil
360 1457 472 1498 praedicant
484 1457 507 1489 de
519 1467 546 1497 eo,
559 1459 583 1490 de
592 1466 631 1499 quo
640 1457 740 1498 dicuntum
753 1457 805 1499 qnod
814 1459 844 1490 est

90 1510 158 1554 dieere,
171 1510 223 1555 quod
236 1509 308 1555 relatio,
324 1511 430 1545 seeundum
442 1510 495 1555 quod
507 1510 574 1547 relatio
586 1513 620 1555 est,
636 1510 683 1546 nihil
695 1511 746 1546 reale
757 1510 812 1556 ponit
823 1509 844 1546 in

90 1577 156 1601 rerum
169 1570 243 1601 natura.
264 1568 301 1601 Sed
313 1567 365 1609 qnod
378 1570 407 1601 est
419 1567 460 1609 tale,
472 1577 511 1601 non
520 1571 549 1601 est
557 1578 592 1601 ens
601 1568 657 1601 reale.
678 1569 731 1610 Ergo
739 1577 778 1601 non
786 1568 844 1601 datur

90 1621 158 1654 relatio
170 1622 233 1655 realis.

156 1676 171 1705 2.
184 1674 289 1708 Parmense,
301 1683 363 1713 omne,
376 1674 428 1713 qnod
440 1674 519 1705 advenit
530 1673 586 1705 alieni
598 1676 617 1705 et
628 1674 699 1705 reoedit
711 1682 734 1704 ex
743 1673 783 1704 sola
791 1672 844 1706 liabi-

90 1726 157 1760 tudine
169 1726 247 1760 alterius
260 1726 284 1760 ad
296 1726 361 1770 ipsum
374 1726 414 1760 sine
427 1726 479 1760 omni
492 1736 527 1761 sua
541 1726 652 1770 mutatione,
667 1735 706 1761 non
722 1728 751 1762 est
765 1725 785 1760 in
800 1725 844 1771 ipso

91 1783 163 1827 aliquid
175 1784 234 1825 reale;
250 1783 298 1817 nihil
312 1783 363 1817 enim
378 1784 429 1818 reale
443 1786 508 1826 potest
522 1783 614 1818 advenire
629 1784 684 1818 alioui
699 1784 723 1817 de
738 1793 790 1818 novo
803 1784 844 1817 sine

90 1838 132 1872 eius
144 1838 254 1879 mutatione,
267 1838 297 1870 vel
309 1847 344 1879 per
357 1847 377 1870 se
386 1838 416 1871 vel
425 1847 460 1879 per
468 1837 561 1870 accidens.
583 1837 620 1871 Sed
629 1837 732 1871 relationes
741 1838 778 1870 hoe
785 1838 844 1871 modo

90 1891 196 1923 adveniunt
208 1893 226 1922 et
238 1891 339 1929 reoednnt3
351 1899 386 1930 per
397 1890 524 1922 mutationem
532 1890 583 1921 enim
591 1890 676 1929 alterius,
688 1892 709 1922 ut
717 1899 752 1930 per
761 1893 844 1922 mortem

89 1942 130 1984 filii,
146 1942 215 1984 aliquis
231 1941 305 1974 desinet
320 1950 363 1975 esse
378 1943 438 1984 pater,
456 1941 508 1975 nulla
524 1941 630 1975 mutat-ione
645 1941 694 1975 eirea
709 1941 775 1984 ipsum
789 1941 845 1976 iaota.

92 1997 144 2043 Ergo
157 1997 223 2033 relatio
236 2008 275 2033 non
287 2001 316 2033 est
328 1997 385 2033 realis
398 2000 452 2033 extra
464 1997 554 2033 animam.

156 2056 171 2087 3.
184 2054 289 2086 Primnum.
302 2054 351 2087 sient
362 2064 414 2087 unus
426 2055 484 2087 homo
497 2054 567 2087 dieitur
580 2054 648 2086 similis
661 2054 715 2087 alteri
727 2056 746 2087 et
754 2055 845 2096 aequalis,

90 2108 117 2139 ita
129 2107 217 2139 oolunma
232 2107 302 2139 dieitur
317 2107 385 2139 dextra
399 2108 430 2139 vel
446 2107 525 2139 sinistra
539 2109 558 2138 et
572 2116 604 2139 res
620 2106 691 2138 dieitur
706 2106 783 2139 soihilis.
807 2108 845 2139 Sed

91 2159 115 2190 ad
126 2159 162 2190 has
174 2158 327 2200 praedicationes
339 2158 468 2191 verificandas
480 2167 519 2190 non
531 2157 638 2199 requiritur
653 2158 691 2190 nlla
703 2158 770 2191 relatio
782 2158 845 2200 realis,

92 2211 126 2247 sed
138 2211 211 2247 suffieit
222 2211 289 2247 relatio
302 2211 387 2248 rationis.
408 2212 461 2258 Ergo
473 2214 492 2248 et
505 2211 589 2248 suffieiet
596 2211 664 2247 relatio
671 2211 753 2248 rationis
761 2213 785 2249 ad
793 2212 844 2258 illas;

91 2272 110 2304 et
122 2270 149 2304 sie
160 2270 227 2303 relatio
239 2279 278 2313 non
291 2269 327 2303 erit
339 2280 373 2303 ens
385 2270 441 2304 reale.

158 2345 191 2378 Suu
203 2355 266 2376 corma
277 2355 306 2376 esr
320 2345 372 2385 quod
385 2345 481 2386 perfectio
498 2347 515 2377 et
531 2345 609 2385 horream,
628 2353 676 2384 quae
692 2348 737 2377 sunt
749 2344 845 2384 lutebas,

91 2406 129 2428 non
142 2397 204 2428 solum
216 2397 343 2428 attenduntur
352 2397 458 2428 seeundum
467 2396 540 2438 aliquid
548 2396 660 2429 absolutum
668 2395 771 2429 inhaerens
780 2397 845 2437 rebus,

92 2450 125 2485 sed
138 2449 194 2485 etiam
206 2449 315 2486 secundant
328 2449 419 2486 ordinent
431 2450 492 2486 tinias
505 2450 535 2487 nel
546 2449 574 2486 cccl
582 2449 653 2486 uliam.
674 2449 705 2487 Sio
713 2449 763 2487 enim
772 2451 846 2487 bonum

92 2507 187 2541 exereitus
200 2507 288 2542 consistit
299 2508 319 2541 in
332 2508 399 2541 ordine
411 2507 496 2550 partium
504 2507 562 2548 illins⁷
575 2507 605 2540 oui
613 2507 677 2541 ordini
685 2511 788 2550 propterea
796 2518 846 2542 oom-

92 2565 147 2601 parat
153 2561 284 2602 Philosophus
293 2564 313 2594 11
320 2561 433 2602 lletopliys.
442 2570 456 2593 e.
463 2563 484 2594 10
493 2561 585 2594 orontem
593 2561 688 2593 uninersi.
707 2562 760 2603 Ergo
770 2564 847 2602 oportet

91 2613 111 2643 in
123 2613 171 2652 ipsis
180 2615 240 2645 rebus
248 2613 337 2645 ordinem
345 2613 442 2654 quendam
451 2622 499 2645 esse.
520 2613 557 2645 Sed
566 2612 597 2644 hio
605 2613 653 2644 ordo
661 2616 691 2644 est
699 2613 771 2645 relatio.
793 2614 846 2654 Ergo

92 2666 168 2706 oportet
183 2664 203 2697 in
218 2665 266 2709 ipsis
282 2666 341 2700 rebus
357 2675 400 2700 esse
415 2665 518 2700 relationes
533 2665 634 2710 quasdam
652 2675 687 2710 per
704 2676 753 2711 quas
769 2666 846 2701 realiter
