1846 3062
274 154 380 194 putastis]
392 146 428 186 'rvr
451 146 573 187 narremus
584 154 606 186 m
779 144 816 181 125

128 252 154 285 An
168 261 238 283 rnnuuu
250 261 330 283 nitnrnuu
344 251 397 293 quod
410 251 508 294 singulare
520 251 599 294 quidem
612 251 696 285 sentitur
708 248 788 292 proprie
799 253 818 284 et

63 315 98 348 per
113 315 139 344 se,
158 305 192 338 sed
209 309 274 338 tamen
290 314 359 339 sensus
374 307 404 338 est
419 304 567 346 quodammodo
583 308 602 338 et
616 304 679 347 ipsius
695 303 818 338 universalis.

64 358 168 401 Cognoscit
180 358 231 391 enim
245 358 323 392 Galliam
335 361 357 391 ut
370 358 454 397 Galliam,
470 361 488 392 et
502 361 524 391 ut
536 361 566 391 est
577 358 608 391 hic
619 359 683 400 homo,
698 360 717 391 et
729 357 818 390 similiter

64 412 168 452 Socratem,
179 410 295 454 inquantum
306 414 336 444 est
347 411 378 444 hic
388 411 452 444 homo.
471 411 495 444 ut
505 411 551 444 inde
559 414 593 452 est,
606 411 659 453 quod
667 410 700 444 tali
709 410 818 452 acceptione

64 474 134 499 sensus
146 464 288 507 praeexistente
300 464 364 498 anima
375 464 475 498 rationalis
487 467 551 506 potest
559 464 682 498 considerare
690 463 788 498 hominem
798 463 818 496 in

63 521 152 561 utroque.
176 518 196 552 Si
208 518 259 552 enim
273 518 300 552 ita
312 521 369 559 esset,
387 519 440 561 quod
458 528 528 552 sensus
545 519 607 552 solum
623 519 779 561 apprehenderet
792 517 818 556 id,

62 573 116 616 quod
128 575 158 607 est
169 572 333 616 particularitatis,
345 575 364 607 et
375 572 428 606 nullo
440 573 498 607 modo
511 582 554 606 cum
566 573 603 606 hoc
614 572 769 616 apprehenderet
777 571 819 605 uni-

64 629 139 664 versale
154 628 175 662 in
188 628 306 672 particulari,
323 638 363 663 non
378 630 430 663 esset
444 628 542 671 possibile,
558 628 610 672 quod
625 638 649 662 ex
664 626 818 672 apprehensione

65 693 134 718 sensus
147 687 260 719 causaretur
271 684 291 718 in
303 683 360 718 nobis
373 683 457 727 cognitio
473 684 595 726 universalis,
611 686 634 718 ut
648 685 701 726 patet
715 682 818 717 manifeste

63 739 84 772 in
99 748 198 782 processu,
214 738 247 781 qui
263 742 293 773 est
307 749 318 773 a
335 738 436 782 speciebus
451 739 476 773 ad
491 748 559 782 genus.
582 738 652 773 Anima
666 738 718 772 enirn
733 741 772 772 stat
783 747 818 781 per

64 793 244 835 considerationem,
256 803 359 837 quousque
370 793 496 836 perveniatur
508 794 532 827 ad
544 794 617 837 aliquid
628 792 775 836 impartibilem
785 791 818 833 eis,

64 848 117 890 quod
125 850 155 881 est
163 847 282 889 universale;
292 847 402 881 considerat
411 848 462 882 enirn
468 847 506 881 tale
512 851 531 882 et
537 848 574 881 tale
582 847 658 889 animal,
666 849 714 890 puta
720 846 818 880 hominem

63 904 83 935 et-
94 911 171 944 equunt,
184 911 286 944 quousque
298 902 399 944 perveniat
411 902 434 935 ad
447 911 549 936 commune
562 901 637 943 animal,
650 902 703 944 quod
715 903 744 935 est
756 910 819 944 genus

64 965 161 997 superius.

329 1192 451 1224 ARTICULUS
462 1191 554 1223 taurin*

171 1299 238 1327 urhun
252 1299 355 1328 conclusio
370 1300 398 1328 811Ι
412 1299 545 1328 Prinncotturln
559 1299 579 1326 IN
593 1298 709 1335 Punnmssffi,

187 1352 291 1388 ANTEQUAM
305 1353 330 1381 EX
345 1353 393 1382 tntis
406 1353 564 1382 DEllIONSTRthl'E
578 1352 696 1381 contremuit

67 1463 105 1538 Aa
117 1462 187 1485 rruuuu
198 1462 222 1485 sn:
231 1462 336 1486 ruoermrun.
355 1452 436 1487 Videtur
446 1452 498 1495 quod
507 1451 604 1486 conclusio
613 1461 652 1485 non
661 1451 686 1485 sit
695 1450 820 1494 praecognita

106 1507 127 1541 in
139 1507 258 1550 praemissis,
274 1510 378 1551 antequam
390 1518 413 1542 ex
425 1507 463 1541 illis
475 1507 628 1541 demonstrative
641 1506 748 1550 colligatur.
771 1507 820 1541 Nam

66 1562 119 1603 quod
131 1563 161 1595 est
172 1562 324 1605 praecognitum,
341 1562 365 1595 de
381 1571 432 1596 novo
447 1571 486 1595 non
501 1561 613 1595 addiscitur.
638 1562 675 1595 Sed
687 1561 785 1595 conclusio
797 1562 820 1594 de

66 1625 117 1649 nove
130 1615 236 1650 addiscitur
248 1625 283 1659 per
295 1616 487 1650 demonstrationem.
507 1616 560 1659 Ergo
573 1615 670 1649 conclusio
681 1626 720 1650 non
730 1618 821 1658 estprae-

66 1669 143 1713 cognita
154 1669 174 1703 in
186 1670 300 1712 praemissis
313 1673 356 1704 ante
368 1671 419 1704 illius
432 1670 567 1704 deductionem
581 1680 617 1712 per
629 1670 821 1704 demonstrationem.

132 1746 166 1779 San
182 1756 246 1778 corrue
261 1757 290 1779 ssr
307 1748 360 1789 quod
378 1746 509 1788 Philosophus
527 1748 535 1779 1
553 1747 625 1780 Postcr.
644 1756 658 1779 c,
674 1748 682 1779 1
700 1746 750 1788 dicit,
768 1747 820 1788 quod

65 1800 163 1833 conclusio
178 1801 360 1843 praeccgnoscenda
375 1803 409 1842 est,
426 1803 529 1842 antequam
545 1799 629 1842 cognitio
645 1800 668 1833 de
684 1800 716 1833 illa
732 1802 821 1833 sumatur

66 1863 101 1894 per
114 1853 250 1895 syllogismum
262 1854 293 1887 vel
305 1853 441 1887 inductionem.

132 1928 230 1960 Rasecunro
241 1938 321 1960 nrcnrnnu
332 1929 385 1970 quod
397 1931 501 1969 antequam
512 1928 548 1961 fiat
559 1928 645 1961 inductio
654 1928 685 1961 vel
694 1928 821 1970 syllogismus

67 1981 233 2014 demonstrativus
246 1982 270 2014 ad
281 1981 389 2014 taciendam
401 1983 506 2023 perfectam
522 1983 651 2024 cognitionem
667 1984 690 2016 de
703 1982 767 2023 aliqua
779 1991 822 2015 con-

68 2034 158 2076 clusione,
172 2034 205 2067 illa
217 2034 314 2069 conclusio
326 2034 390 2078 aliquo
403 2036 461 2068 modo
469 2036 641 2078 praecognoscitur
651 2039 670 2069 et
679 2036 745 2077 scitur,
757 2034 822 2077 aliquo

67 2089 125 2121 inodo
137 2098 181 2122 non.
202 2089 318 2131 Simpliciter
331 2089 381 2123 enim
390 2090 497 2132 ignoratur,
511 2090 571 2124 scitur
579 2093 644 2125 autent
654 2090 761 2125 secundum
769 2087 822 2131 quid.

68 2143 93 2177 l't
105 2142 121 2178 si
134 2143 214 2186 probari
226 2143 294 2178 debeat
306 2143 343 2178 ista
355 2144 461 2178 conclusio:
478 2144 596 2188 tricupulus
611 2145 671 2180 debet
684 2147 722 2178 tres
735 2143 822 2186 alipedes

69 2200 163 2243 {iapudes
172 2200 250 2234 chrocus
257 2199 320 2243 acetis,
335 2202 438 2243 antequam
447 2200 598 2242 demonstretur,
609 2200 646 2241 ille,
659 2199 692 2244 qui
700 2209 735 2243 per
744 2199 823 2234 demon-

68 2254 182 2289 strationem
190 2254 258 2298 accipit
267 2255 371 2297 scientiam,
380 2265 422 2289 eam
430 2255 512 2290 nescivit
520 2255 576 2298 prius
585 2255 707 2299 sirnpliciter3
721 2255 755 2289 sed
766 2254 822 2289 seivit

67 2319 110 2342 eam
123 2310 230 2343 secundum
242 2310 294 2353 quid,
308 2310 475 2353 temperentia
489 2310 509 2344 111
525 2310 648 2352 praemissis,
664 2310 715 2344 unde
730 2309 823 2352 quodam-

68 2364 126 2397 modo
138 2365 248 2406 praescivit,
261 2364 373 2407 simpliciter
385 2368 450 2399 autent
461 2375 505 2399 non.

135 2417 194 2452 (iuius
207 2418 256 2453 ratio
268 2421 303 2461 est,
315 2418 360 2461 quia
373 2419 422 2453 sieut
433 2419 471 2452 iem
484 2424 585 2453 ostensum
597 2422 631 2459 est,
644 2421 720 2462 oportet
727 2418 823 2461 principia

68 2471 187 2504 conclusioni
194 2482 365 2515 praecognoscere,
374 2473 468 2516 principia
477 2475 541 2507 autem
551 2483 571 2507 se
579 2475 652 2507 habent
658 2473 682 2507 ad
690 2472 823 2507 conclusiones

68 2524 88 2557 in
100 2525 260 2560 demonstrativis
272 2526 321 2560 sicut
329 2537 398 2561 causae
407 2527 480 2561 activae
487 2526 508 2560 in
516 2526 638 2561 naturalibus
646 2527 671 2560 ad
681 2536 727 2560 suos
736 2526 823 2567 effectus,

68 2579 120 2612 unde
131 2578 152 2612 in
163 2581 173 2611 2
185 2579 243 2621 Phys.
260 2590 274 2613 c.
286 2582 301 2621 3,
317 2580 462 2623 propositiones
478 2580 587 2622 syllogismi
601 2583 702 2622 ponuntur
716 2580 737 2613 in
752 2590 824 2623 ¹genere

69 2642 137 2665 causae
155 2632 262 2666 efficientis.
292 2634 379 2668 Effectus
397 2637 461 2668 autem
479 2637 582 2676 antequam
600 2635 721 2676 producatur
738 2634 759 2667 in
775 2638 824 2675 actu,

68 2684 182 2726 praeexistit
196 2686 275 2728 quidem
290 2687 310 2719 in
325 2688 389 2720 causis
404 2687 471 2721 activis
486 2687 563 2726 virtute,
580 2697 619 2720 non
631 2690 695 2720 autern
707 2690 756 2729 actu,
772 2688 824 2730 quod
