1846 3062
114 97 154 134 184
317 105 424 145 comario
435 105 487 137 XXVI
509 105 631 138 ARTICULUS
642 106 664 138 iv

115 202 239 236 fortacliom.
261 202 313 236 sicut
325 205 389 237 autem
400 203 489 237 formalis
501 202 551 237 ratio
563 202 645 237 visibilis
658 203 742 237 sumitur
754 213 778 237 ex
789 203 867 246 lumine,

114 267 149 300 per
161 257 214 299 quod
226 257 278 290 color
290 256 373 299 videtur,
385 257 412 290 ita
420 257 508 291 formalis
518 257 567 291 ratio
576 256 648 291 scibilis
658 257 751 300 accipitur
758 257 868 292 sectandum

114 310 186 353 medic,
204 320 255 353 qrtae
269 314 317 345 stitit
331 311 399 345 activa
410 312 523 354 petractata,
539 321 577 354 per
592 321 643 353 qtcac
658 312 740 353 aliquid
751 311 819 345 scitur.
844 312 868 345 Et

114 364 157 398 ideo
169 367 348 407 quantumcumque
360 365 399 398 sint
410 365 475 407 aliqua
486 365 565 399 diversa
576 364 650 398 scibilia
661 375 696 408 per
709 374 764 399 suam
772 368 868 407 naturam,

114 417 220 451 dummodo
229 428 264 461 per
272 419 339 452 eadem
347 419 443 461 principia
451 419 542 460 sciantur,
552 418 650 461 pertinent
658 419 682 452 ad
692 428 755 452 aarum
764 418 868 460 scientiam,

114 471 160 513 quia
175 472 212 506 iam
229 482 268 506 non
282 475 340 506 erunt
357 472 440 515 diuersa,
457 473 573 515 inquantum
592 474 637 506 sunt
655 471 737 506 scibilia:
756 475 802 505 sunt
817 473 867 506 sirim

114 534 149 567 per
162 535 197 559 sua
208 525 304 568 principia
315 526 393 560 scibilia.
413 526 466 560 Sicut
474 529 532 568 patet,
544 526 596 569 quod
608 535 665 560 voces
677 526 773 559 humanae
785 526 868 559 multum

115 579 210 613 differunt
222 581 328 614 secundum
341 590 396 614 suam
408 583 497 613 naturam
510 580 583 614 asonis
595 579 745 614 inanimatorum
758 589 868 622 corporum,

116 634 149 667 sed
162 633 207 675 quia
217 634 322 668 secundum
331 635 397 668 eadem
406 634 501 676 principia
510 634 617 668 attenditur
625 634 751 667 consonantia
759 633 779 667 in
787 634 868 668 vocibus

115 687 205 720 humanis
217 690 236 721 et
245 687 298 721 sonis
307 687 458 721 inanimatorum
466 697 576 730 corporum,
589 689 655 722 eadem
665 691 695 721 θεῖ
703 687 782 722 scientia
790 687 869 730 musica,

115 750 164 783 quae
176 742 200 775 de
212 742 301 785 utrisque
313 742 428 776 considerat.

181 795 201 830 Si
216 805 263 831 vero
278 797 317 831 sint
334 797 398 840 aliqua
414 797 480 831 eadem
497 797 602 831 secundum
617 799 706 831 naturam
722 798 819 831 ettamen
834 806 870 840 per

116 850 194 885 diversa
205 850 301 894 principia
317 852 469 894 considerentur,
485 851 609 886 manifestum
625 854 659 892 est,
675 851 727 895 quod
743 851 767 886 ad
779 852 869 887 diuersas

116 906 205 940 scientias
217 906 320 949 pertinent.
343 906 396 941 Sicut
408 916 479 949 corpus
491 906 647 941 mathematicum
659 916 699 940 non
713 908 743 940 est
758 908 869 949 separatum

116 970 126 994 a
141 970 222 1004 corpore
237 961 329 1001 naturali,
347 961 392 1004 quia
409 964 474 996 tamen
489 971 560 1004 corpus
575 961 731 995 mathematicum
747 960 870 1004 cognoscitur

116 1025 151 1057 per
162 1015 257 1058 principia
268 1015 387 1059 quantitatis,
399 1025 470 1059 corpus
482 1018 546 1050 cirtem
557 1016 645 1050 naturale
653 1025 688 1058 per
696 1015 791 1058 principia
799 1018 869 1058 motus,

115 1079 155 1103 non
167 1072 197 1103 θεῖ
208 1070 275 1104 eadem
287 1070 366 1104 scientia
378 1070 499 1104 Geometriae
511 1073 529 1104 et
540 1070 643 1104 Naturalis
664 1071 689 1104 Et
702 1069 790 1104 similiter
801 1079 840 1104 una
851 1072 870 1103 et

116 1124 183 1158 eadem
195 1125 292 1158 conclusio
303 1127 368 1167 potest
380 1125 404 1158 ad
416 1125 505 1158 diversas
514 1124 603 1159 scientias
612 1125 714 1167 pertinere,
727 1127 748 1158 ut
757 1124 809 1167 quod
818 1127 870 1158 terra

117 1178 142 1211 sit
153 1179 242 1217 rotunda,
254 1180 278 1212 ad
290 1181 424 1213 astronomum
436 1182 455 1212 et
462 1179 575 1213 naturalem.
596 1179 645 1218 Quia
654 1182 719 1213 tamen
727 1181 809 1221 uterque
817 1178 869 1212 illam

116 1232 237 1266 demonstrat
248 1243 284 1276 per
296 1234 374 1267 ommno
386 1233 464 1267 diversa
476 1233 571 1276 principia
582 1233 602 1266 in
611 1242 655 1267 esse
663 1232 725 1267 scibili
737 1233 870 1274 (astronomus

117 1286 168 1319 enim
174 1286 226 1320 illam
234 1287 395 1329 demonstratper
400 1287 464 1321 media
469 1286 608 1329 mathematica,
615 1290 675 1330 ntper
680 1286 756 1330 figuras
763 1286 869 1329 eclypsium

117 1340 146 1373 vel
159 1350 194 1382 per
206 1341 258 1374 aliud
270 1341 387 1382 huiusmodi,
399 1341 493 1375 naturalis
505 1343 569 1374 autem
577 1351 613 1383 per
622 1340 707 1374 medinm
715 1341 808 1382 naturale,
821 1340 871 1374 sicut

117 1403 152 1435 per
164 1397 238 1427 motum
251 1395 341 1437 grauium
354 1395 385 1428 uel
396 1404 432 1437 per
443 1394 495 1428 aliud
507 1394 633 1436 huiusmodi),
649 1397 689 1428 tota
704 1404 751 1429 vero
763 1394 827 1427 virtus
839 1394 871 1427 de·

117 1448 269 1490 monstrationis,
282 1458 331 1490 quae
343 1452 372 1482 est
381 1448 508 1491 syllogismus
517 1449 589 1482 iaciens
599 1448 653 1490 scire,
666 1448 761 1490 dependet
768 1458 792 1481 ex
801 1448 870 1489 madio,

117 1501 169 1543 quod
177 1504 207 1535 est
215 1504 313 1544 tamquam
322 1502 439 1545 principium
447 1503 541 1536 activum:
552 1506 657 1545 propterea
664 1502 738 1536 ratione
746 1502 870 1536 diversorum

117 1555 257 1598 principiorum
270 1556 377 1590 activorum
393 1559 518 1590 astronomus
533 1560 552 1589 et
566 1556 660 1590 naturalis
672 1558 714 1589 tum
728 1556 749 1589 in
764 1556 832 1589 ordine
846 1555 871 1588 ad

117 1610 235 1650 praedictam
247 1609 395 1651 conclusionem,
407 1613 449 1643 tum
460 1610 481 1643 in
492 1610 560 1643 ordine
572 1610 596 1643 ad
609 1609 655 1643 alias
668 1609 806 1651 conclusiones,
821 1618 870 1651 quas

118 1662 246 1704 considerant,
258 1662 387 1697 essentialiter
399 1663 450 1697 inter
463 1673 483 1696 se
495 1663 648 1706 distinguuntur.

182 1739 209 1772 Au
220 1749 329 1771 ⁴limunrrrun
340 1749 382 1771 sacro
394 1749 473 1771 urrunnun
488 1739 540 1782 quod
556 1738 654 1772 distinctio
669 1738 793 1772 scientiarum
805 1740 835 1771 est
847 1738 871 1771 ab

117 1792 191 1826 obiecto
203 1802 239 1835 per
250 1793 338 1827 ordinem
346 1794 371 1827 ad
380 1792 458 1827 diversa
466 1793 561 1836 principia
569 1795 588 1827 θῖ
595 1793 663 1827 media.
682 1793 731 1826 Nam
741 1801 773 1826 res
782 1792 871 1825 diuersae

117 1855 156 1880 non
162 1845 236 1880 faciunt-
242 1847 374 1881 diversitatem
382 1847 511 1887 scientiarum,
516 1847 554 1880 nisi
561 1850 657 1890 qnatenus
664 1846 767 1889 requirunt
773 1845 871 1880 diversam

118 1900 212 1934 rationem
225 1900 359 1944 cognoscendi,
378 1910 426 1943 quae
442 1903 471 1934 θεῖ
486 1911 521 1943 per
536 1901 601 1935 varios
616 1901 685 1935 modos
697 1899 802 1934 definiendi
814 1902 872 1942 atque

118 1954 165 1988 adeo
177 1964 212 1997 per
224 1955 302 1989 diversa
314 1955 408 1998 principia
420 1955 439 1989 in
451 1965 522 1999 genere
535 1955 602 1990 scibili.

377 2218 499 2251 laricanus
511 2218 612 2259 QUARTUS

277 2327 343 2355 [rrum
357 2327 463 2356 canrirtmo
478 2328 506 2356 Sir
521 2328 602 2356 rnorem
616 2326 715 2356 scisuram

149 2434 246 2462 acuamur
260 2434 284 2456 sm
298 2434 403 2456 racemum.
426 2424 507 2458 Videtur
522 2425 575 2467 quod
590 2423 685 2458 certitudo
699 2432 739 2456 non
754 2422 779 2456 sit
793 2422 873 2465 propria

119 2436 146 2508 Α
160 2478 255 2512 scientiae.
278 2478 327 2512 Nam
343 2478 438 2512 certitudo
453 2478 546 2512 tribuitur
561 2478 623 2511 motui
638 2477 736 2520 appetitus
752 2476 840 2511 sensitivi
854 2480 873 2510 et

119 2532 222 2573 naturalis3
237 2532 308 2565 dicitnr
323 2531 380 2574 enim,
395 2532 448 2575 quod
462 2533 512 2575 lapis
528 2531 687 2566 certitudinaliter
701 2531 763 2565 tendit
775 2531 873 2573 deorsum,

118 2591 137 2621 et
149 2587 202 2630 quod
213 2586 258 2629 quis
270 2586 343 2630 aliquid
355 2586 514 2621 certitudinaliter
527 2589 598 2629 sperat.
621 2586 674 2629 Ergo
686 2585 781 2620 certitudo
792 2594 831 2619 nou
844 2588 873 2619 est

119 2642 199 2684 propria
212 2640 307 2674 scientiae.
