1846 3062
134 148 172 183 llll
344 156 450 195 (anausim
462 157 499 188 xix
522 157 644 190 altramnus
655 158 676 190 llv

134 254 208 286 Debent
220 254 271 286 enim
284 263 326 286 esse
339 254 467 295 rtecerscrc'ae,
479 254 552 296 primo,
567 254 612 296 quia
624 255 677 296 quod
689 254 754 297 scitur,
766 255 887 298 impossibile

133 315 163 340 est
175 307 229 340 aliter
242 317 262 340 se
271 308 347 348 habere,
359 310 381 340 ut
390 308 478 341 habitum
486 311 516 341 est
524 308 544 341 in
552 308 663 342 (letinitione
672 308 718 347 eius,
731 309 783 351 quod
793 312 822 342 est
830 310 886 344 scire.

134 361 230 399 Secundo,
248 361 293 403 quia
307 361 447 395 demonstratio
463 361 508 394 lacit
525 362 573 395 scire
588 362 730 396 conclusionem
746 364 886 397 iterasset-tara.

134 415 246 448 Necessaria
255 424 302 448 vero
309 415 406 448 conclusio
414 414 458 448 sciri
466 424 505 448 non
513 418 577 456 potest
585 416 653 449 nisiex
660 416 774 449 necessariis
781 416 887 459 principiis.

135 469 203 510 Tertio,
214 469 259 509 quia
267 478 294 509 ea,
303 477 352 510 quae
356 478 419 510 persa
428 469 569 510 praedicantur,
578 469 687 502 necessario
694 469 766 510 insunt,
776 473 797 503 ut
803 470 887 503 maxime

134 526 185 564 patet
197 522 217 554 in
229 522 306 555 dnobus
318 521 388 563 primis
399 521 462 554 modis
469 531 508 563 per
515 531 539 563 sc,
553 532 577 555 ex
585 523 657 563 quihus
665 522 789 564 potissimum
798 526 888 557 constant.

134 575 253 617 praemissae
265 574 442 608 demonstrationis.

200 629 274 662 Debent
288 629 345 661 etiam
358 637 401 661 esse
410 629 514 670 propriae.
540 629 588 663 Cum
601 629 651 662 enim
664 630 765 671 proprium
778 630 888 673 (tripliciter

135 683 185 716 sumi
197 683 265 725 possit,
284 683 315 716 acl
329 684 350 714 ut
363 681 490 724 distinguitur
505 685 572 715 contra
584 686 702 723 extraneum,
718 684 748 717 ocl
760 686 782 716 ut
794 683 888 717 diuiditur

134 740 201 771 eontra
213 746 324 770 commune:
336 738 420 778 utroque
435 736 493 770 modo
505 736 624 778 praemissae
636 737 805 771 demonstrationis
817 738 888 772 debent

134 801 177 825 esse
189 791 285 833 propriae.
306 791 330 823 Et
335 790 405 832 prirao
414 790 492 832 quidem
502 792 565 832 modo,
580 791 625 832 quia
637 800 680 824 cum
692 791 712 823 in
723 792 888 825 demonstratione

135 846 174 879 sint
181 848 221 879 tres
230 844 313 886 termini,
325 844 374 878 sicut
383 843 429 877 etin
438 844 525 887 quolibet
533 844 652 887 syllogismo,
666 854 690 878 sc.
699 845 761 878 maior
769 846 887 887 extremitas,

135 900 198 934 minor
211 902 229 933 et
241 898 332 940 medium,
348 899 364 932 si
376 899 462 932 medium
474 902 525 933 esset
537 902 651 932 extraneum
663 909 674 932 a
686 900 759 933 maiore
770 900 801 933 vel
813 899 888 933 minore

134 954 261 996 extremitate,
273 953 299 988 ita
311 956 332 988 ut
343 964 382 988 uon
390 957 442 988 esset
450 953 536 987 delinitio
545 956 649 996 utrumque
658 955 830 997 comprehendens,
843 958 889 989 tune

135 1009 196 1043 maior
209 1009 321 1043 extremitas
333 1018 372 1042 nou
384 1009 528 1051 praedicaretur
540 1009 563 1042 de
575 1018 597 1041 eo
609 1018 644 1051 per
654 1018 680 1051 se,
692 1018 727 1043 nce
737 1009 802 1051 ipsum
812 1009 835 1042 de
844 1010 889 1043 sub-

135 1065 183 1098 iecto
195 1074 230 1107 per
242 1074 263 1098 se
275 1063 424 1106 praedicaretur,
437 1073 480 1096 cum
493 1065 556 1097 tamen
569 1063 635 1097 doceat
643 1063 775 1106 Philosophus
787 1066 795 1097 1
808 1064 888 1105 Foster,

135 1120 187 1162 quod
200 1119 219 1152 in
231 1118 304 1152 maiore
316 1117 448 1161 propositione
460 1117 522 1151 maior
534 1118 646 1151 extremitas
658 1118 781 1161 praedicatur
792 1128 827 1161 per
836 1128 856 1152 se
865 1119 888 1152 de

135 1173 199 1207 medio
211 1173 230 1205 in
243 1173 328 1206 secundo
340 1175 358 1206 et
370 1175 440 1214 quarto
452 1173 510 1206 modo
519 1182 558 1214 per
569 1182 593 1214 so,
611 1175 630 1206 et
641 1172 661 1206 in
673 1172 744 1206 minori
756 1172 889 1215 propositione

135 1227 258 1270 praedicatur
270 1227 355 1260 medium
368 1227 391 1260 de
403 1226 474 1259 minori
489 1226 610 1260 extremitate
624 1236 659 1268 per
675 1236 695 1260 se
711 1227 730 1260 in
745 1226 809 1269 primo
825 1227 888 1260 modo.

136 1282 227 1315 Secundo
243 1290 289 1315 vero
306 1281 365 1315 modo
381 1281 451 1314 debent
465 1280 584 1322 praemissae
599 1281 770 1314 demonstrationis
785 1291 828 1315 esse
845 1291 889 1324 pro-

136 1336 194 1378 priae,
207 1335 338 1378 quianullum
350 1335 467 1377 principium
480 1344 581 1368 comnume
593 1335 639 1368 iacit
651 1335 700 1369 scire
712 1345 753 1369 rem
765 1345 800 1377 per
813 1345 838 1377 se,
854 1336 888 1369 sed

137 1393 216 1424 tanturm,
225 1401 263 1431 per
276 1390 373 1424 credideras.
394 1389 417 1421 at
427 1389 566 1423 demonstratio
576 1389 622 1422 iacit
635 1388 683 1422 scire
695 1399 736 1422 rem
750 1389 867 1432 simpliciter.

201 1467 227 1498 An
236 1476 343 1497 iuttnumrun
351 1476 393 1497 aucto
401 1476 481 1498 nitamini
487 1465 539 1507 quod
547 1465 626 1498 seientia
632 1467 662 1498 est
668 1466 691 1498 de
698 1465 762 1508 aliquo
769 1466 888 1509 dupliciter:

137 1531 176 1553 uuo
185 1520 243 1553 modo
250 1519 318 1562 primo
328 1522 345 1553 et
352 1519 504 1562 principaliter.
522 1519 547 1552 Et
554 1519 581 1552 sic
588 1518 666 1552 scientia
674 1523 704 1552 est
713 1519 736 1553 de
745 1519 889 1554 universalibus

136 1573 250 1615 rationibus,
263 1583 322 1615 super
334 1583 383 1615 quas
394 1573 493 1606 tundatur.
513 1573 560 1606 ,1116
570 1573 628 1606 modo
640 1578 669 1606 est
681 1573 704 1606 de
713 1572 810 1615 aliquibus
822 1584 889 1608 secrot-

137 1629 202 1670 dcrio,
217 1630 235 1661 ct
247 1628 306 1670 qrtcrsc'
312 1638 350 1670 per
359 1628 485 1661 reflerioaem
494 1628 610 1669 pertundam.
631 1627 656 1659 Et
665 1627 693 1660 sic
702 1627 725 1661 de
733 1628 792 1661 rebus
804 1627 842 1661 illis
854 1631 889 1664 est.

137 1692 220 1725 quarum
233 1685 278 1716 sunt
291 1682 375 1715 rationes
388 1681 435 1723 illae,
447 1681 562 1724 inquantum
575 1681 660 1714 rationes
672 1681 714 1714 illas
726 1681 809 1723 applicat
821 1682 845 1715 ad
857 1692 889 1715 res

137 1736 269 1779 particulares.
293 1736 384 1769 Rationes
396 1738 459 1769 autem
473 1735 595 1769 uniuersales
607 1744 672 1768 rerum
686 1739 731 1768 sunt
743 1745 811 1769 omnes
822 1736 890 1770 immo-

137 1791 190 1825 biles.
214 1791 239 1824 Et
253 1790 296 1823 ideo
312 1793 405 1833 quantum
421 1790 444 1823 ad
460 1790 496 1823 hoc
511 1789 574 1822 onmis
593 1789 672 1823 seientia
686 1791 716 1822 est
730 1790 754 1823 de
769 1790 889 1824 necessariis.

137 1845 175 1879 Sed
187 1855 258 1883 rerum,
271 1854 354 1886 quarum
368 1846 413 1877 sunt
424 1844 467 1876 illae
479 1843 569 1884 rationes,
582 1843 677 1885 quaedam
686 1847 731 1877 sunt
739 1843 859 1878 necessariae
871 1848 890 1877 et

136 1899 251 1940 immobiles,
264 1899 359 1940 quaedam
371 1898 504 1940 contingentes
517 1900 535 1930 et
547 1896 634 1938 mobiles,
646 1900 665 1930 et
677 1900 771 1939 quantum
780 1899 803 1931 ad
813 1899 853 1939 hoc,
866 1898 890 1931 de

136 1953 196 1986 rebus
208 1952 365 1993 contingentibus
377 1954 395 1985 et
408 1951 512 1985 mobilibus
525 1951 616 1984 dicuntur
628 1960 671 1984 6556
684 1951 777 1984 scientiae.

396 2187 518 2220 ARTlGULUS
530 2187 632 2227 QUARTUS

137 2276 203 2304 ll'l'ltUll
209 2276 327 2304 rnamsssmu
333 2275 509 2304 huntousrntrtouts
514 2274 600 2303 PROPTER
606 2274 651 2308 QUID
657 2274 744 2301 Danaam*
750 2274 794 2302 ESSE
798 2274 891 2303 hortonae

181 2330 309 2359 concursione
319 2329 414 2364 thaamath
425 2329 472 2358 luins
482 2328 599 2358 CREDENDUM
609 2328 637 2356 Sll'
647 2328 700 2363 QUAM
709 2327 833 2357 concultatum

167 2429 176 2450 a
189 2407 264 2456 ouauruu
276 2428 299 2449 su:
312 2427 416 2449 l’ROCEDtTUR.
439 2416 520 2450 Videtur
532 2416 584 2460 quod
592 2415 711 2459 praemissae
719 2416 891 2450 demonstrationis

140 2430 164 2499 Ᾰ
175 2476 261 2517 propter
273 2472 322 2515 quid
334 2481 373 2505 non
385 2472 467 2506 debeant
479 2481 522 2505 esse
534 2471 620 2504 notiores
636 2469 762 2512 conclusione,
779 2481 814 2504 nec
828 2471 891 2514 magis

138 2528 175 2562 illis
191 2528 308 2562 credendum
326 2527 351 2560 sit
365 2536 423 2569 quam
440 2525 561 2560 conclusioni.
586 2525 606 2559 Si
621 2524 671 2558 euim
687 2525 806 2567 praemissae
821 2526 892 2560 debent

138 2593 181 2617 esse
193 2582 279 2616 notiores
292 2582 419 2623 conclusione,
433 2581 510 2624 illisque
526 2580 588 2623 magis
604 2580 721 2613 eredendum
737 2583 766 2613 est
778 2584 837 2623 quam
849 2591 892 2614 con·

139 2637 225 2679 clusioni,
237 2636 321 2670 maxime
333 2637 358 2670 ob
370 2636 464 2670 rationem
473 2635 587 2677 Philosophi
599 2637 607 2668 1
617 2635 691 2668 Foster.
699 2644 714 2668 c.
722 2637 732 2668 2
741 2638 827 2678 propter
838 2635 892 2678 quod

138 2693 298 2735 aiocrrraqaodqac,
316 2694 333 2725 et
347 2690 402 2725 illud
417 2690 493 2733 acopis·
511 2689 583 2723 seimus
599 2689 648 2723 enim
663 2689 795 2723 conclusiones
811 2692 892 2733 propter
