1846 3062
272 131 378 174 QUAESTIO
390 133 412 164 Vl
434 133 555 166 ARTICULUS
566 133 589 165 ΠΙ
782 123 806 160 51

57 230 181 273 substantiae,
193 233 215 264 ut
223 230 317 264 dividitur
329 233 396 264 contra
408 231 501 273 accidens,
513 230 547 274 qui
558 233 588 264 est
600 240 635 273 per
644 239 664 263 se
673 239 722 263 esse.
742 231 809 263 Perse

56 294 99 319 esse
111 285 162 318 eninr
174 284 279 328 opponitur
291 285 313 327 ei,
325 285 378 327 quod
390 288 474 319 estesse
486 286 506 319 in
518 285 560 318 alio.

122 338 215 373 Secundo
231 339 341 381 proprietas
356 342 386 372 est
400 340 484 374 airziooce
496 339 618 382 praedicari
632 339 656 373 cie
671 339 808 372 inferioribus.

57 393 94 427 Sed
108 393 145 427 hoc
156 393 207 427 inest
222 393 336 427 substantiis
352 393 442 427 secundis
457 396 538 427 tantum.
560 394 576 426 A
587 393 651 435 prirna
665 402 749 435 namque
765 392 809 426 sub·

57 447 127 481 stantia
138 448 191 481 nulla
203 449 232 481 est
243 447 366 489 praedicatio,
381 457 425 480 cum
440 448 464 481 de
479 447 532 481 nullo
547 447 633 481 subiecto
649 447 729 480 dicatio.
752 447 809 480 Prae·

57 500 117 535 dicari
128 504 192 535 autem
204 501 286 535 univoce
298 501 322 535 de
335 501 443 535 substantia
455 501 518 544 prima
530 511 569 534 non
581 503 645 543 potest
654 504 763 543 competere
771 500 809 534 nisi

58 555 147 589 secundis
157 555 277 597 substantiis,
289 555 335 598 quia
343 555 407 597 prima
416 555 524 589 substantia
533 555 614 597 suscipit
621 554 716 588 rationem
725 551 809 589 istorum

57 609 149 643 oninium.

124 663 192 704 Tertio,
210 663 313 696 verissime
328 663 401 697 dictum
416 666 445 697 est
460 662 606 705 aPhilosopho,
621 663 674 706 quod
689 663 753 705 prima
765 663 810 697 sub·

58 716 128 750 stantia
144 717 241 760 significat
256 717 292 751 boc
308 717 389 760 aliquid
406 720 424 751 et
442 718 494 759 quod
512 718 607 751 secundae
625 717 749 759 substantiae,
766 717 810 750 licet

58 769 161 804 videantur
171 770 277 814 significari
288 772 324 805 hoc
332 771 410 813 aliquid,
419 771 483 814 inagis
492 774 557 804 tamen
567 771 678 813 significant
687 772 747 813 octale
755 770 810 813 qnid.

58 824 107 857 Nam
119 825 159 859 dno
172 827 217 859 sunt
229 825 253 858 de
264 825 338 859 ratione
350 824 397 863 eius,
410 825 463 867 quod
474 827 504 859 est
516 825 552 858 hoo
563 825 642 867 aliquid,
653 824 747 858 nimirum
758 824 810 867 quod

57 878 121 920 possit
132 889 167 921 per
180 889 200 913 se
211 879 318 913 subsistere
326 882 345 913 et
353 879 405 920 quod
415 879 440 912 sit
449 879 498 921 qnid
507 880 627 921 conspicium
635 878 658 912 in
666 878 739 921 aliquo
747 878 811 921 specie

58 933 89 966 oei
100 942 171 975 genere
182 933 314 967 substantioe.
338 933 426 972 Quorum
438 935 543 975 utrumque
555 932 600 975 quia
612 932 702 966 convenit
716 932 780 974 primo
792 934 811 965 et

58 995 93 1029 per
106 996 126 1020 se
137 987 238 1021 individuo
252 987 273 1020 in
284 997 355 1030 genere
371 987 495 1029 substantiae,
510 986 553 1020 ideo
569 987 609 1020 sola
624 986 687 1029 prima
702 985 811 1020 substantia

59 1039 171 1082 significans
189 1041 226 1075 tale
241 1040 364 1075 individuum
382 1041 479 1083 significat
495 1041 532 1074 hoc
549 1040 627 1083 aliquid.
651 1040 749 1074 Secundae
763 1049 811 1074 vero

60 1095 179 1129 substantiae
192 1095 303 1137 significant
314 1095 393 1138 quidem
404 1095 429 1137 id,
441 1096 494 1138 quod
503 1098 533 1128 est
541 1095 618 1129 realiter
625 1094 689 1138 prima
698 1094 812 1128 substantia.

61 1149 125 1182 Homo
137 1149 188 1182 enim
200 1150 222 1183 in
234 1159 256 1183 re
267 1159 306 1183 non
318 1149 445 1192 distinguitur
454 1148 531 1183 realiter
540 1159 550 1182 a
559 1150 622 1183 Petro.
642 1148 691 1188 Quia
699 1151 763 1182 tamen
772 1157 812 1181 non

60 1201 171 1244 significant
185 1205 275 1237 naturam
290 1206 405 1237 coarctatam
424 1203 567 1237 conditionibus
584 1202 758 1242 individuantibus,
778 1202 812 1236 sed

60 1255 101 1290 sine
112 1256 155 1299 illis,
167 1257 210 1291 ideo
223 1257 313 1291 dicuutur
326 1257 435 1300 siguificare
448 1258 503 1300 quale
513 1256 565 1299 quid.
585 1258 659 1290 Natura
667 1256 718 1289 enim
727 1257 812 1290 humana

60 1310 168 1352 significata
179 1320 214 1353 per
226 1320 297 1344 nomen
309 1312 372 1352 borno,
389 1312 441 1353 quod
454 1314 483 1345 est
495 1320 566 1344 nornen
579 1310 674 1344 secundae
686 1310 812 1351 substantiae,

61 1372 81 1396 se
93 1363 151 1396 habet
162 1364 186 1397 ad
198 1363 321 1398 individuum
333 1374 368 1407 pei·
380 1365 459 1398 moduni
472 1364 573 1398 cuiusdam
585 1364 688 1406 qualitatis,
700 1367 813 1397 nontamen

60 1416 187 1459 accidentalis,
205 1418 239 1451 sed
255 1418 368 1459 essentialis,
386 1418 430 1460 quia
447 1428 486 1451 non
504 1417 626 1459 significatur
642 1419 664 1450 ut
682 1419 771 1459 separata
788 1418 813 1449 ab

60 1470 166 1510 individuo,
183 1475 205 1505 ut
222 1472 291 1505 volunt
305 1471 403 1513 Platonici,
422 1472 456 1505 sed
471 1475 493 1505 ut
509 1471 595 1505 existens
612 1471 632 1504 in
649 1470 687 1512 illo,
705 1472 729 1504 ab
745 1471 813 1504 eodem

60 1534 99 1557 non
111 1524 202 1559 distincta
213 1525 295 1559 realiter.
318 1527 361 1559 Non
376 1525 427 1558 enirn
442 1528 472 1559 est
486 1526 545 1558 honio
560 1525 580 1558 in
595 1525 674 1566 mundo,
689 1524 723 1567 qui
737 1524 814 1558 nonsit

60 1578 91 1611 liic
102 1578 166 1612 homo.

129 1632 211 1676 Qnmto,
221 1634 341 1667 substantiae
349 1633 405 1667 1111111
415 1636 442 1667 est
451 1634 582 1667 cciitrnrinm.
595 1632 688 1666 naeuius
697 1632 813 1666 evidentiam

62 1686 166 1728 sciendum,
179 1687 231 1729 quod
243 1687 369 1721 contrarietas
379 1688 419 1721 11111)
428 1687 515 1728 involvit,
527 1687 620 1720 nimirum
630 1686 734 1719 maximam
743 1686 815 1719 distau-

61 1739 108 1773 tiam
122 1740 173 1774 inter
185 1741 249 1783 aliqua
264 1742 302 1775 duo
317 1741 337 1775 in
352 1742 420 1775 eodem
435 1751 506 1784 genere
521 1744 540 1774 et
556 1741 608 1783 quod
624 1740 687 1783 possit
701 1741 726 1774 ab
740 1750 779 1773 uno
794 1739 814 1772 in

61 1794 113 1828 aliud
125 1795 214 1828 continue
226 1795 330 1837 perveniri.
351 1795 388 1829 Sed
400 1796 436 1828 liae
448 1796 497 1829 duae
509 1794 629 1828 conditiones
640 1794 711 1827 desunt
718 1803 761 1827 esse
771 1794 815 1827 sub·

63 1848 151 1891 stantiali,
163 1849 209 1891 quia
219 1858 262 1882 esse
272 1849 398 1883 substantiale
406 1849 508 1883 cuiuslibet
516 1848 544 1882 rei
554 1848 642 1882 consistit
651 1848 674 1881 111
683 1846 812 1888 indivisibili,

62 1904 80 1936 et
92 1903 155 1936 omnis
165 1902 240 1936 'additio
252 1905 270 1936 et
283 1903 389 1937 subtractio
400 1903 463 1936 variat
474 1902 562 1945 speciem,
575 1903 625 1936 sicut
632 1904 685 1944 patet
692 1901 712 1934 in
721 1900 814 1934 numeris.

62 1957 118 1990 Unde
129 1956 250 1999 impossibile
262 1959 297 1999 est,
313 1957 366 2000 quod
377 1957 462 1990 inanima
474 1956 565 1990 distantia
577 1959 610 1989 aut
622 1955 686 1997 aliqua
698 1955 815 1988 continuitas

62 2012 173 2045 attendatur
184 2012 204 2044 in
216 2011 285 2044 formis
298 2011 464 2049 substantialibus,
476 2014 497 2044 ut
509 2013 574 2043 motus
587 2010 690 2043 continuus
700 2009 764 2051 possit
772 2017 815 2041 esse

63 2065 86 2099 de
100 2075 139 2098 una
153 2066 217 2100 iorina
231 2065 251 2099 in
266 2065 323 2099 aliam
336 2065 442 2099 secuudum
454 2064 587 2099 intensionem
599 2064 658 2098 unius
669 2063 745 2097 formae
757 2065 775 2096 et
787 2072 816 2096 re-

62 2119 178 2154 missionem
189 2120 274 2154 alterius.
298 2120 336 2154 Sed
348 2122 412 2162 potest
425 2118 544 2153 substantiae
556 2128 599 2152 esse
611 2118 684 2160 aliquid
696 2117 815 2151 contrarium

62 2168 137 2207 ratione
149 2174 289 2217 dispositionis
302 2173 387 2209 subiecti.
410 2174 465 2217 Ignis
478 2173 529 2207 enini
545 2175 575 2206 est
590 2172 700 2206 contrarius
714 2181 775 2214 aquae
788 2180 816 2203 se-

64 2228 148 2261 cuudum
161 2229 263 2271 qualitates
275 2229 348 2263 activas
357 2231 375 2262 et
382 2228 478 2271 passivas.
498 2228 523 2260 Et
532 2227 558 2261 sic
566 2230 619 2269 patet
628 2229 698 2270 quarta
705 2225 816 2268 proprietas

64 2283 188 2325 substantiae,
204 2293 258 2327 quae,
270 2283 314 2326 licet
326 2283 379 2317 omni
391 2283 510 2317 substantiae
522 2282 628 2324 conveniat,
644 2291 683 2314 non
698 2283 762 2313 tamen
775 2278 816 2313 soli.

65 2337 159 2371 Convenit
171 2338 222 2371 euim
234 2337 291 2371 etiam
303 2337 406 2381 quantitati
417 2339 436 2371 et
448 2335 540 2371 relationi.

132 2392 208 2432 ozenna
224 2392 334 2435 proprietas
352 2394 386 2434 est,
404 2392 456 2435 quod
472 2390 580 2425 substantia
595 2400 637 2424 111111
652 2388 766 2423 intenditur
781 2396 816 2420 111111

64 2446 174 2480 111111111111
186 2450 204 2480 ct
216 2456 251 2488 per
263 2456 384 2490 consequeus
399 2456 440 2480 non
455 2445 541 2488 suscipit
554 2445 621 2487 ntcmis
637 2446 655 2478 et
670 2443 743 2477 cliiitns.
766 2443 816 2475 Nam

63 2500 108 2534 licet
119 2500 208 2535 diversae
219 2501 295 2535 formae
307 2501 414 2535 secundum
427 2500 509 2543 speciem
523 2498 561 2533 sint
572 2498 688 2541 inaequales,
700 2499 817 2530 nontamen

63 2554 138 2588 formae
155 2556 214 2590 unius
232 2556 302 2598 speciei
318 2566 353 2590 nec
370 2556 437 2589 eadem
454 2562 535 2588 numero
552 2553 621 2586 fornia.
648 2551 817 2585 Considerandum

65 2609 116 2643 enim
125 2612 159 2652 est,
168 2610 221 2653 quod
229 2610 282 2652 illud,
295 2610 402 2644 secundum
410 2609 463 2652 quod
471 2606 544 2650 aliquid
553 2607 634 2640 sortitur
643 2604 731 2647 speciem,
740 2606 818 2647 oportet

65 2673 108 2698 esse
120 2665 181 2699 11111111
193 2668 212 2699 et
220 2667 277 2699 stans
285 2667 304 2699 et
312 2664 372 2708 qnasi
380 2663 511 2698 indivisibile.
532 2661 668 2703 Quaecumque
677 2659 728 2693 enim
737 2660 761 2693 ad
769 2658 817 2692 illud

733 2715 751 2747 4*
