1846 3062
227 176 334 229 Quaestio
346 188 414 221 XXVIII
436 188 558 221 ARTIGULUS
569 188 591 220 IV
746 176 785 215 209

97 287 130 320 San
146 296 209 318 conam
224 296 252 317 rsr
268 286 321 328 quod
336 285 467 327 Philosophus
482 288 491 318 1
504 285 616 328 Matnphps.
633 283 786 326 lietaphysicam

30 342 108 380 ceteris,
113 339 197 374 scientiis
211 339 334 381 speculativis
346 338 440 382 dignitate
452 339 551 381 anteponit
563 342 581 372 et
594 339 640 372 dicit
651 337 734 372 GEtIn'c.
748 347 762 371 c.
771 339 786 378 7,

32 397 52 430 in
64 394 157 437 dignitate
169 393 196 427 ita
208 403 229 427 se
240 394 312 427 habere
320 394 473 436 hletaphysicam
485 396 575 435 respectu
589 395 697 427 ceterarum
712 391 787 426 seienti-

30 459 87 484 arum
97 448 189 489 ommam,
199 447 248 481 sient
257 457 277 481 se
286 448 343 481 hehet
351 447 413 481 civilis
421 451 512 490 respectu
521 447 644 481 scientiarum
651 447 786 490 practicarum

98 514 197 547 Rasronnao
208 523 288 545 nicarum
303 513 355 556 quod
368 513 500 555 lletaphysioa
514 512 677 555 principalissima
692 515 721 546 est
732 510 787 545 'inter

31 568 122 604 scientias
134 570 176 601 tum
188 567 298 609 operativae
307 570 349 601 tum
359 566 493 610 speculativas.
513 567 567 600 Inter
577 567 693 609 operamus
702 566 787 609 quidem,

33 623 78 666 quia
89 622 136 655 finis
148 621 223 663 harum,
237 622 290 664 quod
305 624 335 655 est
349 622 422 669 bonnm
437 622 533 655 humanae
548 621 603 663 vitae,
620 622 644 655 ad
659 621 751 663 pauciora
767 630 787 654 se

33 676 120 712 extendit
132 685 189 718 quam
201 675 248 709 finis
260 675 408 718 hletaphysIcae,
423 676 476 718 quod
491 678 521 709 θεῖ
532 676 606 709 bonum
618 675 677 709 totius
690 675 787 709 universi:

35 730 158 766 scientiarum
171 732 235 764 antem
247 729 279 763 illa
290 732 320 764 est
333 729 506 772 praestantissima,
521 729 576 763 cuius
590 729 637 763 finis
652 733 682 763 est
696 729 788 772 optimus.

34 786 89 818 Inter
96 785 232 827 speculativas
242 794 293 826 vero,
306 784 351 827 quia
361 784 400 818 illis
409 784 504 818 antecedit
511 784 531 817 in
540 784 608 826 tribus,
623 785 730 818 secundnm
738 793 788 827 qnae

34 849 73 874 una
85 838 164 873 scientia
176 839 246 872 dicitnr
259 838 371 881 simpliciter
384 838 420 872 alia
431 838 570 881 praestantior:
588 838 681 872 minirum
693 841 788 881 qnantum

35 895 59 928 ad
77 893 150 928 obtecti
167 893 348 936 septerebe'tt'tntent,
367 896 461 936 quantum
479 893 502 926 ad
521 893 608 927 etnsdent
623 893 752 927 nobilitatem
770 895 789 926 et

35 950 129 991 quantum
142 948 166 981 ad
178 948 354 982 rcntaersetitutent
365 947 466 982 oetentiae.

101 1002 150 1035 Nam
162 1003 231 1045 qrtoed
239 1002 336 1044 prinnini,
351 1002 483 1043 lietephysica
491 1001 601 1035 considerat
610 1001 661 1034 entia
669 1001 736 1042 ncepta
745 1001 789 1034 rabs-

34 1059 108 1091 treetc.
130 1055 245 1090 Considerat
253 1055 304 1090 enim
313 1065 347 1090 ens
355 1056 470 1098 inquantum
480 1065 519 1097 ens,
531 1055 584 1099 quod
592 1055 663 1089 dicitur
671 1058 789 1098 separatum

37 1122 50 1145 n
61 1110 150 1144 trieterica
163 1110 270 1144 seeundum
282 1120 325 1144 esse
337 1113 355 1144 et
367 1110 462 1144 rationem
474 1110 571 1152 arepentina
586 1109 631 1152 quia
640 1119 664 1143 sc.
672 1111 737 1152 potest
746 1119 789 1143 esse

35 1164 78 1199 sine
87 1164 173 1206 materia,
182 1167 201 1198 ct
210 1164 319 1198 considerat
326 1165 388 1198 Deum
395 1167 413 1198 et
419 1163 562 1207 intelligentias,
570 1174 619 1207 quae
628 1166 674 1197 sunt
681 1164 790 1197 abstractae

34 1229 47 1253 a
58 1219 139 1252 materia
149 1219 240 1261 positive,
254 1218 299 1262 quia
310 1228 411 1262 nunqnam
424 1221 469 1253 sunt
481 1219 512 1252 vel
524 1228 567 1252 esse
579 1221 662 1260 possunt
671 1218 691 1251 in
699 1217 789 1251 materia:

35 1283 79 1307 cum
91 1276 156 1306 tamen
167 1276 240 1306 ceterae
252 1272 341 1306 scientiae
353 1272 476 1306 considerent
484 1272 535 1306 entia
541 1272 675 1312 concernentia
681 1272 790 1306 artutertnan

36 1327 79 1361 sive
90 1326 209 1369 serasihtlern,
222 1330 244 1361 ut
256 1326 344 1369 Physica,
358 1326 398 1360 sive
410 1326 567 1369 intelligibilem
581 1329 602 1360 ut
615 1326 754 1360 Mathematica.

105 1380 177 1421 eroctd
193 1381 303 1415 sacrandam
320 1390 372 1422 vero,
390 1380 473 1423 Physica
490 1380 530 1423 agit
548 1381 571 1414 de
590 1391 672 1423 corpore
689 1380 789 1422 iterumn,

38 1435 172 1469 Mathematica
183 1444 230 1468 vero
243 1435 266 1468 de
279 1435 398 1477 qztanrnan.
413 1435 438 1468 At
450 1434 587 1477 lletaphysica,
599 1444 641 1468 cum
655 1438 700 1477 agat
712 1436 737 1468 de
749 1437 792 1469 ente

38 1489 60 1522 tn
72 1489 178 1530 coarctarent,
192 1499 270 1523 necesse
283 1492 317 1531 est,
329 1492 351 1522 nt
359 1488 416 1523 etiam
424 1492 469 1532 agat
477 1489 500 1523 de
509 1490 549 1523 Deo
559 1492 577 1523 et
584 1489 673 1531 Angelis:
686 1498 736 1531 quae
748 1492 792 1523 sunt

37 1543 155 1577 universalia
170 1546 189 1577 et
204 1543 267 1586 prima
282 1543 381 1586 principia,
399 1545 418 1577 et
434 1553 502 1577 causae
517 1543 567 1577 entis
581 1543 602 1576 in
617 1544 720 1577 communi.
743 1545 792 1577 Nam

38 1597 118 1631 scientia
124 1607 163 1631 non
169 1597 271 1640 perficitur
277 1598 315 1631 nisi
321 1598 340 1631 in
348 1597 457 1641 cogmtione
464 1607 573 1637 causarum,
580 1600 602 1631 nt
608 1598 654 1631 dioIt
661 1598 792 1641 Philosophus

39 1654 47 1684 1
58 1651 116 1694 Phys.
127 1651 193 1694 initio,
206 1654 225 1685 et
233 1654 374 1694 consequenter
386 1651 426 1695 agit
438 1652 462 1685 cle
474 1652 509 1693 his,
522 1661 571 1694 qnae
584 1655 630 1685 sunt
641 1652 741 1686 nobilitate
754 1663 793 1686 om-

39 1705 97 1739 nihus
110 1706 187 1739 entibus
200 1705 306 1749 superiora.

106 1759 164 1800 onon
179 1761 259 1794 aetiana
276 1760 349 1794 attinet
367 1761 395 1794 ud
414 1760 499 1802 tertiana,
519 1760 650 1794 ecrtIssimum
667 1764 702 1803 est,
720 1762 793 1795 nullam

39 1814 139 1848 scientiam
151 1814 271 1856 operativum
283 1824 326 1848 esse
336 1814 435 1848 seientiam
444 1815 580 1848 universalem,
600 1815 655 1849 Inter
663 1816 792 1858 speculativas

39 1878 87 1902 vero
95 1869 220 1903 manifestum
229 1871 263 1911 est,
275 1869 327 1911 quod
336 1868 432 1911 quaelibet
440 1869 620 1903 mathematicorum
630 1869 753 1903 scientiarum
764 1874 794 1903 est

40 1922 90 1956 eirca
96 1933 157 1957 unum
164 1923 241 1966 aliquod
248 1933 310 1966 gelius
318 1923 484 1957 determinantia:
492 1923 544 1956 unde
552 1923 605 1957 nulla
613 1924 793 1958 mathematicarum

39 1980 69 2010 est
81 1978 189 2011 communis
202 1977 289 2011 omnium
301 1977 380 2011 entium.
403 1977 441 2011 Sed
456 1977 480 2011 de
492 1977 579 2011 Naturali
594 1977 651 2011 etiam
668 1978 794 2012 manifestum

40 2034 74 2073 est,
87 2031 132 2074 quia
145 2032 161 2065 si
172 2033 270 2066 naturales
284 2032 408 2074 substantiae,
421 2041 470 2074 quae
480 2035 526 2065 sunt
535 2032 655 2066 substantiae
665 2033 767 2067 sensibiles
776 2036 794 2067 et

40 2086 127 2127 mobiles,
141 2088 186 2120 sunt
198 2086 272 2128 primae
284 2086 334 2119 inter
346 2085 402 2127 entia,
415 2089 495 2128 oportet,
508 2087 561 2128 quod
573 2087 667 2120 naturalis
678 2087 757 2121 scientia
770 2088 795 2122 sit

40 2139 104 2181 prima
115 2140 166 2174 inter
178 2140 276 2174 scientias:
295 2140 340 2183 quia
353 2141 459 2174 seeundum
471 2141 560 2174 ordinem
572 2141 692 2175 obiectorum
704 2144 734 2175 est
746 2142 794 2176 ordo

41 2193 171 2228 scientiarum.
195 2195 215 2229 Si
227 2198 291 2229 autem
303 2195 339 2228 alia
352 2195 460 2229 substantIa
472 2197 502 2229 est
513 2197 590 2237 praeter
606 2195 726 2230 substantias
741 2199 795 2230 natu-

41 2248 96 2291 rales,
112 2259 161 2291 quae
174 2250 199 2283 sit
211 2249 325 2291 separabilis
337 2252 356 2283 et
367 2249 477 2290 innnobilis,
493 2259 572 2283 necesse
584 2253 613 2283 est
625 2250 682 2283 etiam
695 2250 794 2284 scientiam

41 2302 103 2343 ipsius
112 2313 160 2345 esse,
173 2313 222 2346 quae
231 2303 256 2337 sit
264 2304 318 2345 prior
327 2303 418 2337 naturali:
431 2306 482 2337 etex
491 2313 518 2345 eo,
531 2304 583 2346 quod
592 2307 622 2337 est
627 2303 703 2347 prinae,
713 2307 795 2347 oportet,

41 2358 94 2397 (prod
107 2357 132 2391 sit
143 2358 266 2391 nniversafis.
290 2358 363 2391 Eadem
375 2357 426 2391 enim
438 2360 468 2391 θεῖ
480 2357 564 2400 scientia,
578 2368 628 2400 quae
643 2361 672 2392 est
687 2359 711 2392 de
726 2359 796 2401 primis

41 2410 119 2445 entibus
134 2414 153 2445 et
167 2422 216 2454 quae
231 2415 261 2445 est
275 2412 397 2446 universalis.
420 2412 469 2445 Nam
484 2412 547 2454 prima
564 2412 614 2446 entia
630 2416 675 2446 sunt
687 2413 796 2457 principio

42 2465 138 2500 alienun.
163 2466 211 2500 Cum
223 2476 270 2508 ergo
283 2465 478 2500 denturhuiusmodi
489 2466 545 2508 entia,
560 2470 582 2500 nt
593 2467 703 2500 ostenditur
715 2469 725 2501 8
737 2468 796 2510 Phys.

42 2521 61 2551 et
73 2521 92 2552 11
106 2520 223 2563 eternitas,
240 2524 259 2554 et
274 2521 297 2554 de
313 2520 350 2554 illis
366 2523 410 2563 agat
422 2519 559 2562 Metaphysica,
576 2521 679 2554 [licendum
694 2525 729 2564 est,
744 2522 797 2556 illam

41 2572 136 2614 dignitate
148 2573 190 2607 aliis
203 2574 288 2607 scientiis
301 2574 425 2617 speculativis
438 2573 555 2608 antecellere.
579 2574 637 2608 Sacra
649 2584 696 2609 vero
709 2576 797 2611 doctrina

42 2627 109 2669 rann
121 2628 178 2661 etiam
191 2628 257 2661 divina
269 2628 349 2662 dicenda
361 2631 391 2662 est
403 2638 461 2670 quam
474 2628 611 2671 metaphysica,
627 2629 672 2671 quia
687 2632 717 2663 θεῖ
732 2630 798 2664 divina

43 2684 142 2721 caeninam
157 2682 185 2715 ed
200 2681 298 2715 obiecttnn
314 2684 331 2716 et
347 2685 446 2725 qrtrantnnt
462 2682 490 2715 nd
504 2683 587 2716 ariadnae
602 2683 723 2727 deripiendi,
741 2685 799 2719 bletu-

42 2734 124 2776 physica
136 2738 200 2769 antem
212 2739 307 2778 qnantum
315 2737 340 2769 ad
349 2737 446 2770 obiectum
454 2739 535 2770 tantum.
556 2738 605 2771 Nam
614 2738 719 2781 Theologia
731 2742 799 2774 nostra

76 2787 163 2820 Englert,
173 2788 223 2813 Prima
232 2789 268 2814 Pars
277 2788 333 2815 Summ.
342 2788 397 2815 Philus.
406 2789 420 2815 S.
429 2789 481 2816 Thom.
491 2790 519 2822 Aq.
713 2794 734 2826 14
