1846 3062
252 202 281 234 DE
293 202 308 233 S.
321 199 398 232 THOMA
410 199 537 232 STUDIORUM
548 197 652 231 PATRONO
783 188 830 224 XLI

134 326 148 354 2.
161 330 235 352 serioris
246 330 265 351 ET
277 330 319 350 einai
331 328 371 350 APUD
382 327 452 349 recitati
463 328 503 349 bilin
515 327 628 349 COWEXIENTIA
639 327 659 348 ET
670 325 770 358 arricaclras

141 387 215 433 Neque
236 384 326 421 minoris
349 383 488 429 aestimanda,
510 383 679 419 christianorum
701 382 830 429 praesertim

77 441 187 478 honnnum
210 438 296 484 iudicio,
319 437 411 473 rationis
433 440 454 473 et
476 436 529 473 fidei
552 435 650 483 perfecta
674 434 831 472 convenientia.

77 494 195 532 Evidenter
211 491 268 529 enim
287 494 374 527 sanctus
389 490 469 526 Doctor
485 489 624 535 demonstrat,
642 500 698 537 quae
716 500 742 525 ex
756 499 831 525 rerum

77 557 157 595 genere
165 544 299 582 naturalium
311 554 364 580 vera
375 548 430 589 sunt,
446 543 509 579 abiis
519 542 623 580 dissidere
633 554 676 579 non
686 553 754 590 posse,
770 553 830 589 quae,

77 601 121 637 Deo
140 602 233 644 auctore,
251 598 380 641 creduntur,
401 596 542 644 quamobrem
559 596 619 643 sequi
638 599 658 633 et
676 596 746 633 colere
763 595 831 633 iidem

78 653 224 698 christianam,
239 662 282 687 non
297 661 342 688 esse
357 650 461 687 humilem
475 653 496 687 et
506 649 593 686 minime
602 661 730 697 generosam
738 650 831 686 rationis

78 706 210 751 servitutem,
226 704 264 741 sed
278 703 351 741 nobile
366 703 498 751 obsequium,
514 713 556 751 quo
571 714 630 741 mens
645 703 692 752 ipsa
707 704 796 741 iuvatur
810 707 831 741 et

79 760 106 809 ad
118 758 244 797 sublimiora
255 758 364 803 eruditm3
381 757 474 806 deniqne
483 757 649 806 intelligentiam
659 761 679 795 et
688 758 756 795 iidem
766 769 777 795 a
786 759 831 795 Deo

79 815 153 851 ambas
162 812 278 861 proticisci,
291 823 334 849 non
344 812 479 849 simultatum
488 822 560 849 secum
569 811 741 849 exercendarum
750 823 831 858 caussa,

79 868 115 906 sed
123 871 147 904 ut
155 878 202 904 sese
209 866 316 904 amicitiae
324 866 411 903 vinculo
421 866 536 914 colligatae
545 866 626 903 mutuis
636 865 715 903 officiis
723 869 831 904 tueantur.

144 920 210 959 Cuius
219 920 382 959 convenientiae
390 920 539 969 mirabilisque
547 920 675 958 concordiae
682 921 765 958 cinictis
773 921 831 959 beati

79 977 173 1014 Thomae
188 976 275 1024 scriptis
290 986 393 1024 expressa
407 975 479 1024 imago
491 975 628 1024 perspicitur.
652 976 678 1013 In
687 975 721 1013 his
731 976 788 1014 enim
797 988 831 1014 ex-

80 1031 137 1069 cellit
153 1034 218 1080 atque
233 1031 311 1068 eminet
325 1031 389 1068 modo
404 1030 553 1078 intelligentia,
572 1042 627 1078 quae
643 1031 768 1078 quodvult,
786 1030 832 1068 tide

79 1089 202 1135 praeeunte,
212 1085 352 1134 consequitur
361 1085 384 1122 in
393 1084 578 1133 pervestigatione
587 1088 688 1131 naturae3
699 1085 763 1122 modo
770 1084 832 1132 tides,

80 1151 135 1188 qnae
143 1139 235 1177 rationis
245 1151 285 1188 ope
294 1139 417 1177 illustratm·
428 1150 453 1176 ac
462 1138 592 1185 detenditur,
605 1139 635 1176 sic
645 1143 723 1184 tamen,
738 1143 762 1176 ut
771 1150 832 1176 suam

80 1205 178 1242 quaeque
193 1193 297 1231 inviolate
311 1197 384 1231 teneat
395 1197 416 1230 et
425 1193 469 1230 vim
479 1197 500 1230 et
510 1193 648 1241 dignitateni;
665 1198 735 1241 atque,
750 1194 788 1230 ubi
796 1205 832 1231 res

80 1249 180 1296 postulat,
196 1248 271 1285 ambae
287 1248 348 1296 quasi
363 1248 451 1285 loedere
465 1248 509 1285 icto
524 1248 552 1285 ad
566 1248 680 1295 utriusque
689 1248 788 1285 inimicos
798 1248 832 1285 de-

80 1302 192 1340 bellandos
207 1303 373 1350 coniunguntur.
402 1301 433 1339 Ac
448 1302 466 1339 si
480 1313 613 1350 magnopere
627 1314 711 1350 semper
726 1301 832 1348 interfuit,

80 1357 167 1394 firmam
178 1356 271 1394 rationis
280 1360 301 1394 et
309 1356 363 1394 iidei
372 1368 460 1394 manere
469 1356 612 1403 concordiam,
627 1356 696 1393 multo
705 1357 774 1405 magis
784 1361 833 1405 post

80 1412 189 1448 saeculum
204 1411 253 1448 XVI
267 1411 371 1448 interesse
389 1411 556 1448 existimandum
573 1414 615 1456 est3
635 1411 736 1459 quoniam
753 1422 793 1459 per
810 1411 833 1448 id

80 1472 165 1513 tempus
179 1465 254 1513 spargi
269 1466 350 1503 semina
366 1468 483 1513 coeperunt
496 1464 563 1502 linem
573 1468 594 1502 et
603 1465 691 1502 modum
700 1466 834 1502 transeuntis

80 1518 193 1566 libertatis,
212 1531 267 1568 quae
281 1520 334 1556 tacit
349 1523 373 1556 ut
388 1519 483 1556 hnmana
497 1519 555 1556 ratio
570 1519 666 1556 divinam
681 1519 832 1556 auctoritatem

81 1578 156 1622 aperte
169 1573 276 1622 repudiet,
292 1573 401 1621 armisque
415 1585 427 1611 a
443 1573 580 1621 philosophia
599 1573 703 1621 quaesitis
719 1573 833 1621 religiosas

81 1628 185 1665 veritates
199 1628 306 1676 pervellat
322 1632 386 1675 atque
401 1631 518 1675 oppugnet.

309 1748 324 1777 fi,
336 1755 401 1776 raetiae
413 1754 494 1776 sriauoon
505 1754 605 1776 Seuerianus

146 1811 258 1848 Postremo
266 1810 383 1859 Angelicns
390 1811 471 1847 Doctor
480 1821 524 1847 non
534 1814 565 1848 est
574 1811 644 1859 magis
654 1810 759 1856 doctrina,
770 1821 834 1858 quam

81 1864 163 1901 virtute
178 1868 199 1902 et
214 1865 329 1901 sanctitate
343 1875 440 1912 magnus.
468 1864 508 1901 Est
526 1868 598 1901 autem
615 1865 686 1901 virtus
704 1865 732 1901 ad
750 1864 834 1912 pericli·

81 1919 159 1955 tandas
173 1918 255 1966 ingenii
270 1918 328 1954 vires
344 1918 548 1965 adipiscendamque
561 1918 682 1955 doctrinam
694 1918 835 1965 praeparatio

82 1972 172 2019 optima3
182 1982 246 2019 quani
252 1972 289 2019 qui
296 1971 416 2018 negligunt,
423 1972 515 2008 solidam
520 1971 699 2019 fructuosamque
705 1971 834 2019 sapientiam

81 2025 137 2062 falso
151 2036 174 2062 se
189 2028 342 2063 consecuturos
357 2028 440 2072 putant,
459 2028 576 2072 propterea
594 2025 652 2072 quod
669 2025 693 2061 iii
707 2025 835 2062 malevolam

82 2078 179 2115 auianum
193 2090 237 2115 oon
251 2078 351 2116 introibit
365 2078 479 2126 sapientia,
494 2090 531 2115 uec
540 2079 648 2116 habitabit
657 2079 680 2116 iu
691 2089 779 2126 corpore
787 2079 835 2116 sub-

82 2132 128 2169 dito
139 2132 248 2180 peccarat.
277 2132 321 2170 Ista
337 2143 390 2170 vero
406 2132 539 2180 comparatio
555 2132 626 2178 animi,
644 2144 700 2180 quae
718 2133 745 2170 ab
762 2132 835 2169 indole

83 2186 171 2223 virtutis
189 2186 342 2234 proficiscitur,
360 2187 383 2223 in
397 2186 479 2223 Tlioma
494 2186 602 2234 Aquinate
620 2187 692 2223 extitit
710 2198 754 2224 non
771 2187 835 2223 modo

83 2240 189 2277 excellens
205 2244 270 2287 atque
285 2244 404 2288 praestans,
419 2241 457 2277 sed
471 2241 535 2288 plane
550 2240 622 2288 digna,
638 2251 693 2288 quae
708 2240 835 2288 aspectabili

82 2294 144 2342 signo
160 2294 265 2331 divinitus
281 2295 451 2342 consignaretur.
475 2294 561 2332 Etenim
571 2305 619 2331 cum
634 2294 751 2332 maximam
760 2294 835 2343 volup-

82 2348 133 2385 tatis
148 2348 273 2386 illecebram
288 2348 358 2386 victor
374 2348 483 2396 evasisset,
501 2348 541 2386 hoc
556 2349 624 2387 veluti
639 2349 760 2398 praemium
774 2348 835 2386 torti-

82 2402 164 2441 tudinis
179 2403 229 2441 tulit
245 2415 257 2441 a
271 2403 316 2441 Deo
331 2404 484 2452 pudicissimus
502 2404 631 2452 adolescens,
650 2408 674 2441 ut
692 2404 777 2441 lumbos
794 2403 835 2441 sibi

83 2469 187 2495 arcanum
201 2458 224 2496 in
238 2459 326 2496 modum
341 2459 466 2507 constringi,
482 2462 548 2507 atque
562 2471 605 2497 una
619 2459 717 2497 libidinis
731 2458 835 2496 16665611-

83 2513 153 2561 tingui
168 2513 263 2551 sentiret.
293 2513 340 2557 Quo
354 2513 418 2561 iacto,
436 2514 526 2563 perinde
541 2513 602 2560 vixit,
620 2525 644 2551 ac
663 2517 717 2551 esset
735 2514 762 2550 ab
778 2515 836 2551 omni

83 2568 181 2616 corporis
196 2568 325 2617 contagione
340 2568 455 2616 seiunctus
474 2579 521 2606 cum
536 2568 589 2617 ipsis
604 2568 707 2616 angelicis
722 2568 837 2617 spiritibus

83 2633 126 2659 uon
140 2623 211 2659 minus
225 2623 354 2670 innocentia,
370 2634 434 2671 quam
449 2623 536 2672 ingenio
552 2623 716 2671 comparandus.

149 2733 154 2750 ¹
167 2730 205 2771 Sap.
217 2730 229 2770 l,
241 2734 256 2763 4.

116 2793 201 2827 Englert,
211 2795 261 2820 Prima
270 2795 307 2821 Pars
316 2795 372 2823 summ.
382 2794 437 2821 Philos.
446 2795 460 2821 S.
470 2794 521 2820 Thom.
531 2795 558 2826 Aq.
