1846 3062
341 144 447 184 QunEsTro
459 144 481 175 lll
503 144 624 176 ARTICULUS
636 145 642 175 Ι

342 324 501 370 QUAESTIO
519 325 638 367 TERTIA

251 427 284 460 DE
298 426 503 461 UNIVERSALIBUS
516 428 544 461 IN
556 427 730 462 PARTIGULARI

352 524 369 544 lh*
380 524 462 545 DUODEGIM
473 524 561 545 an'rtctJLos
572 525 627 546 DIHSA

115 599 221 662 §morum
234 598 396 632 considerandum
409 603 438 633 est
450 600 474 633 de
486 599 630 633 uniuersalibus
641 600 662 632 in
673 599 791 641 particulari.

114 625 174 720 {5}
188 652 242 686 Circa
254 653 306 693 quod
319 656 440 694 quaeruntur
452 652 558 685 duodecim.

114 709 168 747 &aaa
214 705 289 739 Primo:
302 705 326 738 de
338 705 450 739 definitione
462 705 545 749 generis,

214 759 311 793 Secundo:
324 759 347 792 de
360 758 471 793 definitione
484 758 559 801 speciei.

214 813 287 847 Tertio:
300 812 324 847 de
336 812 448 847 definitione
460 813 586 849 differentiae.

214 870 297 908 Quarto:
310 871 377 903 utrum
389 880 451 913 genus
463 870 551 914 requirat
562 871 628 914 plures
641 870 714 914 species
726 873 775 905 actu.

215 925 296 964 Quinto:
308 927 375 958 utrum
388 935 450 968 genus
462 925 558 960 contineat
570 925 696 960 differentias.

214 980 281 1013 Sexto:
294 980 318 1013 de
330 979 452 1013 distinctione
464 980 541 1022 generis
553 984 572 1014 et
583 980 709 1014 differentiae.

214 1033 309 1075 Septimo:
323 1034 346 1066 de
358 1033 454 1067 divisione
466 1034 592 1067 differentiae.

213 1087 294 1120 Octavo:
308 1087 331 1119 de
343 1086 455 1120 definitione
467 1086 568 1120 individui.

213 1141 278 1173 Nono:
291 1141 314 1173 de
327 1139 439 1173 definitione
451 1139 531 1181 proprii.

213 1193 300 1226 Decimo:
314 1193 337 1226 de
350 1202 408 1226 causa
420 1192 514 1225 efficiente
526 1192 607 1234 proprii.

213 1246 327 1281 Undecimo:
340 1247 363 1280 de
375 1246 487 1280 definitione
499 1245 608 1279 accidentis.

213 1300 341 1335 Duodecimo:
354 1303 420 1334 utrum
432 1310 489 1334 omne
501 1299 589 1334 accidens
602 1299 627 1333 sit
639 1299 746 1343 proprium.

386 1433 508 1465 animatus
519 1432 599 1465 PRlllUS

252 1532 314 1560 tunuli
329 1530 424 1559 DEFlNlTlO
439 1531 519 1558 GENERIS
533 1531 561 1559 SIT
575 1531 634 1559 RECTE
648 1531 729 1558 TRthTd

116 1636 155 1708 Aa
173 1636 234 1657 rmuuu
249 1636 272 1657 su:
287 1636 392 1657 rnocnunun.
415 1626 496 1658 Videtur
514 1626 566 1667 quod
585 1626 672 1658 definitio
689 1625 767 1668 generis
785 1636 824 1659 non
842 1625 867 1659 sit

154 1682 205 1712 recte
214 1678 289 1719 tradita,
298 1679 395 1718 nimirum,
408 1679 460 1720 quod
468 1678 591 1719 praedicatur
599 1679 623 1711 de
630 1679 720 1720 pluribus
730 1679 867 1712 differentibus

115 1732 178 1773 specie
197 1732 216 1764 in
234 1732 286 1774 quid.
310 1732 360 1765 Dicit
374 1732 425 1765 enim
440 1731 571 1774 Philosophus
586 1733 596 1765 4
611 1732 722 1774 hletaphps.
738 1742 752 1766 c.
768 1734 794 1773 24,
814 1733 867 1774 quod

114 1795 177 1827 genus
189 1788 219 1819 est
232 1795 277 1827 pars
291 1785 365 1828 speciei,
378 1788 396 1819 et
408 1785 468 1819 veluti
479 1785 565 1819 materia.
585 1785 623 1819 Sed
635 1795 682 1827 pars
693 1795 733 1818 non
744 1786 867 1828 praedicatur

115 1839 139 1873 de
154 1841 199 1882 toto,
215 1849 250 1874 nec
264 1840 344 1874 rnateria
360 1840 384 1874 de
396 1839 509 1883 composito.
533 1840 585 1883 Ergo
601 1849 663 1882 genus
678 1850 717 1874 non
732 1843 762 1875 est
773 1844 825 1875 recte
837 1840 868 1875 de·

114 1894 197 1937 finitum,
210 1895 262 1938 qnod
272 1895 412 1938 praedicator.

181 1952 195 1984 2.
208 1951 313 1989 Pamisum,
326 1950 401 1984 nullum
409 1950 519 1984 uniuersale
528 1949 625 1993 significat
633 1950 670 1984 hoc
677 1950 755 1993 aliquid,
768 1951 802 1984 sed
812 1951 868 1994 quale

115 2004 167 2046 quid,
185 2007 207 2038 ut
224 2014 316 2047 expresse
334 2005 360 2038 ait
377 2005 508 2047 Philosophus
525 2006 535 2038 6
550 2005 662 2047 llataphys.
680 2014 695 2037 c.
710 2006 736 2038 13.
760 2004 798 2038 Sed
815 2006 867 2048 quod

115 2058 212 2101 significat
227 2060 283 2101 quale
295 2059 347 2102 quid,
364 2069 404 2093 non
418 2058 541 2101 praedicatur
555 2058 575 2091 in
590 2058 642 2100 qnid,
661 2058 695 2091 sed
709 2058 730 2091 in
744 2059 800 2101 quale
815 2059 867 2101 qnid.

116 2113 169 2154 Ergo
181 2122 243 2154 genus
256 2123 294 2146 non
307 2116 336 2146 est
348 2116 398 2145 recte
411 2112 519 2152 definitum,
531 2112 584 2153 quod
595 2111 718 2153 praedicatur
730 2112 753 2144 to
765 2112 820 2153 quid.

181 2177 216 2210 Seu
234 2186 297 2208 cor-rus
314 2187 342 2208 rsr
359 2177 412 2218 quod
427 2175 558 2217 Philosophus
576 2177 586 2207 4
600 2175 712 2218 Metaphys,
730 2185 744 2208 c.
762 2176 783 2208 28
800 2175 869 2208 definit

114 2239 182 2271 genus,
195 2231 248 2271 quod
260 2230 285 2262 sit
297 2230 322 2270 id,
334 2230 387 2271 quod
395 2229 518 2271 praedicatur
528 2229 551 2261 de
560 2228 650 2270 pluribus
659 2228 795 2261 differentibus
805 2228 868 2270 specie

114 2282 135 2315 in
147 2292 169 2316 eo
181 2283 234 2325 quod
246 2283 299 2325 qnid.
323 2283 435 2325 Eodemque
447 2282 506 2315 modo
517 2281 610 2315 definitur
622 2292 633 2314 a
645 2281 761 2324 Porphyrio.

181 2348 279 2380 Rnsrornso
294 2357 373 2378 unarum
388 2347 441 2389 quod
456 2349 507 2379 recte
522 2345 559 2379 fuit
571 2355 582 2380 a
594 2346 712 2389 Philosopho
727 2348 746 2380 et
757 2345 868 2389 Porphyrio

115 2401 236 2444 descriptum
253 2411 321 2445 genus.
344 2401 373 2435 Ad
391 2401 446 2436 cuius
461 2400 636 2435 manifestationem
655 2401 760 2441 sciendum,
778 2401 831 2445 qnod
848 2400 867 2435 in
898 2430 900 2434 .

115 2458 201 2499 qualibet
209 2467 230 2492 re
239 2460 268 2492 cst
277 2458 400 2492 considerare
408 2456 486 2500 aliquid7
495 2456 560 2499 inquo
568 2466 600 2491 res
608 2457 640 2491 illa
648 2458 707 2491 hahet
715 2456 868 2492 convenientiam

116 2515 135 2545 ct
147 2513 302 2547 conformitatem
315 2522 358 2547 cum
374 2512 416 2546 aliis
432 2513 497 2551 rebus,
512 2513 531 2545 et
545 2511 618 2554 aliquid
633 2511 660 2545 illi
675 2512 711 2546 soli
725 2512 833 2555 proprium7
848 2511 868 2545 in

116 2576 155 2608 qno
168 2577 192 2600 se.
204 2569 262 2602 habet
274 2567 421 2602 difformitatem
433 2576 477 2600 cum
489 2565 537 2599 aliis.
561 2566 613 2605 Quae
628 2569 693 2600 tamen
707 2566 825 2600 difformitas
838 2567 869 2600 vel

115 2621 242 2654 conformitas
258 2624 323 2663 potest
341 2631 383 2655 esse
405 2621 467 2654 maior
483 2620 514 2653 vel
531 2620 595 2653 minor
612 2629 647 2662 per
665 2620 827 2663 comparationem
844 2621 868 2653 ad

115 2674 206 2708 diuersas
218 2684 255 2708 res.
277 2676 299 2708 V.
311 2686 334 2717 gn,
348 2676 437 2709 Socrates
452 2683 487 2716 per
502 2674 605 2707 essentiam
619 2683 680 2716 suam,
695 2683 744 2716 quae
756 2677 786 2708 est
798 2683 822 2707 ex
834 2675 869 2708 hac
