1846 3062
138 123 176 160 ‘202
337 131 444 172 quassato
455 130 515 164 XXVII
537 131 659 164 ARTIGULUS
670 131 693 164 Ill

138 229 257 271 certitudine,
269 229 394 263 manifestum
406 232 441 272 est,
453 230 506 273 qnod
519 230 647 273 speculativae
655 230 787 272 praeeminent
796 230 891 272 practicis.

138 285 187 318 Nam
198 284 293 326 practicae
309 287 354 318 sunt
365 284 511 327 incertissimas,
526 294 569 318 curn
585 284 667 318 debeant
682 284 805 318 considerare
820 285 891 319 multas

138 338 267 381 singularium
285 338 413 380 operabilimn
433 338 597 380 circumstantias,
618 338 747 381 speculativae
768 349 815 373 vero
833 340 891 382 longe

138 392 230 426 certiores
246 395 296 431 sunt,
315 402 358 426 eum
375 393 399 426 ad
417 393 447 426 sui
462 392 531 426 obiecti
548 392 722 427 considerationem
739 393 830 435 pauciora
848 396 892 427 actu

138 446 279 480 consideranda
291 446 397 489 requirant
417 447 437 481 Si
450 456 497 480 vero
509 447 633 481 conterantur
645 457 666 481 cc
672 450 734 490 parte
742 447 818 490 obiecti,
833 447 892 482 scien·

138 501 174 534 tiae
181 500 276 543 practicae
283 503 328 534 sunt
336 501 435 535 nobilitate
443 501 546 535 interiores
556 501 635 535 scientia
642 501 708 535 divina
718 511 753 535 seu
759 502 891 544 Metaphysica

138 558 156 588 et
165 555 254 597 Physica.
274 554 406 597 bletaplrysica
415 554 499 597 quidem,
512 555 557 597 qnia
569 556 615 588 haec
627 555 667 598 agit
678 556 703 588 de
715 555 778 589 causis
790 556 891 589 altissimis

138 608 246 651 primisque
258 608 358 651 principiis
370 608 420 642 entis
432 609 452 642 in
464 609 567 650 conrmuni,
584 609 676 643 nimirum
688 609 712 643 de
725 610 764 643 Deo
776 613 795 643 et
806 609 891 651 Angelis,

138 666 156 696 et
165 665 265 705 praeterea
273 662 313 704 agit
321 662 345 695 de
352 662 392 695 tine
399 662 468 696 ultimo
474 663 534 696 totius
540 662 637 704 universi3
647 662 736 697 scientiae
743 672 790 697 vero
796 663 891 705 practicae

137 719 213 749 tantum
224 717 284 758 agunt
292 716 316 749 de
324 715 470 758 operationibus
478 715 560 750 internis
570 718 588 749 et
596 716 681 749 externis
690 716 774 750 bominis
783 717 890 750 secundum

137 770 231 811 ordinem,
240 779 297 812 quem
307 769 355 803 ratio
364 769 505 803 considerando
513 770 558 803 iacit
566 770 586 803 in
594 770 648 812 ipsis,
657 769 758 803 etillarmn
765 770 891 811 nobilissima,

137 833 187 866 quae
199 826 229 857 est
241 823 307 865 civilis,
320 824 360 866 agit
372 826 447 857 tantum
459 824 483 858 de
495 824 563 857 ultimo
574 824 614 858 tine
625 824 721 857 hnmanae
732 824 787 858 vitae.
808 824 892 866 Physica

138 887 190 919 vero,
203 878 248 920 quia
260 879 306 911 llaec
319 877 428 911 considerat
439 878 503 920 ipsam
516 878 644 912 substantiam
657 877 741 912 hominis
750 878 830 920 eiusque
838 878 891 912 nobi-

137 932 223 965 lissimae
238 931 305 973 partis,
322 934 369 973 puta
384 931 459 965 animae
476 931 581 973 rationalis,
599 931 677 974 agitque
694 932 717 964 de
732 931 783 965 illius
799 931 891 973 potentiis

138 986 229 1019 omnibns
247 989 266 1019 et
282 985 414 1028 potent-iarum
432 985 577 1027 operationibus
595 986 702 1019 secundum
719 985 812 1027 ordinem,
833 995 891 1027 quem

138 1039 210 1073 liabent
221 1048 245 1072 cx
257 1042 327 1072 natura
339 1048 374 1072 sua
386 1042 427 1071 tum
439 1038 490 1071 inter
503 1048 528 1079 se,
540 1042 582 1072 tum
594 1039 614 1072 in
626 1039 693 1072 ordine
705 1039 730 1072 ad
742 1038 843 1080 potentias.

204 1092 301 1134 Superant
310 1095 375 1125 tamen
384 1092 473 1125 scientiae
481 1092 577 1133 practicae
585 1092 604 1125 in
613 1091 712 1125 nobilitate
721 1091 811 1125 scientias
820 1092 892 1124 mat-he·

138 1145 222 1179 maticas.
246 1146 294 1179 Nam
307 1146 342 1179 hac
355 1147 459 1178 versantur
471 1148 569 1187 tamquam
583 1144 632 1178 circa
644 1145 740 1179 obiectum
756 1144 806 1178 circa
817 1144 891 1188 quanti·

138 1202 201 1238 tatem,
217 1202 263 1241 pnta
278 1199 328 1232 circa
342 1198 402 1232 lineas
418 1201 437 1232 ct
451 1208 549 1238 nuureros,
564 1202 583 1232 et
599 1198 648 1233 circa
663 1208 748 1242 eaquae
763 1198 891 1242 quantitatem

138 1256 289 1295 consequuntur,
297 1255 319 1286 ut
327 1252 403 1296 figuras
412 1255 431 1286 et
439 1252 560 1286 huiusmodi:
569 1262 619 1295 quae
627 1252 726 1286 nobilitate
734 1253 791 1295 longe
798 1252 892 1286 inferiora

139 1309 185 1340 sunt
196 1307 225 1349 iis,
237 1316 286 1349 quae
298 1309 406 1340 tractantur
417 1306 437 1339 in
447 1306 525 1340 scicntia
535 1306 608 1340 morali.
628 1306 683 1341 Unde
691 1309 710 1340 ct
719 1307 743 1341 ab
751 1306 783 1340 illa
791 1306 891 1341 nobilitate

138 1364 157 1395 et
165 1360 259 1404 dignitate
267 1360 372 1395 vincuntur
381 1361 498 1403 simpliciter.
516 1362 565 1395 Nam
573 1371 623 1404 qnae
632 1361 716 1395 nobilius
725 1361 783 1395 habet
789 1360 890 1402 obiectum,

138 1416 181 1450 licet
191 1416 216 1450 sit
225 1416 289 1450 minus
296 1419 353 1458 certa,
361 1416 483 1459 siacpticitcr
488 1418 581 1459 praedat
589 1416 628 1459 illi,
638 1425 687 1459 quae
697 1419 727 1450 est
734 1416 809 1458 certior,
820 1416 854 1450 scd
862 1418 892 1450 est

139 1471 162 1504 de
178 1471 251 1505 obiecto
267 1470 387 1514 ignobiliore.
411 1471 436 1504 Et
454 1470 481 1504 sic
496 1471 621 1505 manifestum
637 1473 672 1513 est,
689 1480 785 1513 quaenam
802 1469 891 1504 scientiae

140 1525 268 1568 speculatiuae
280 1527 299 1559 et
310 1525 409 1568 quomodo
421 1525 506 1559 scientiis
517 1525 607 1568 practicis
619 1525 718 1559 nobilitate
730 1525 848 1559 antecellant.

204 1602 231 1635 Aa
246 1612 307 1634 rmnun
321 1612 363 1634 nacto
378 1612 457 1634 nicenum
471 1602 524 1644 quod
539 1611 563 1634 ex
577 1611 604 1642 ec,
622 1601 674 1644 quod
693 1601 782 1635 scientiae
798 1601 892 1643 practicae

140 1659 186 1690 sunt
197 1656 260 1699 magis
272 1655 392 1689 necessariae
404 1656 429 1689 ad
441 1655 500 1689 vitam
512 1656 621 1697 human-mn,
633 1665 672 1688 non
682 1655 795 1697 ostenditur,
808 1664 840 1688 eas
849 1664 891 1689 asse

139 1710 244 1744 nobiliores
257 1709 369 1752 simpliciter
382 1709 511 1752 speculativis,
524 1709 558 1743 scd
570 1709 634 1752 quoad
646 1710 690 1743 hoc:
704 1709 749 1751 qnia
761 1718 786 1743 sc.
796 1709 832 1742 hoc
843 1709 892 1751 ipso,

139 1765 192 1807 quod
204 1764 333 1806 speculativae
345 1773 384 1797 non
397 1763 512 1797 ordinantur
520 1763 544 1797 ad
554 1763 611 1804 alind,
624 1763 673 1796 sicut
681 1762 781 1805 practicae,
794 1765 840 1796 sunt
848 1761 892 1796 sini·

139 1818 213 1860 pliciter
225 1817 263 1851 illis
275 1817 379 1860 digniores.

204 1873 230 1906 Ao
237 1882 319 1904 samnium
324 1871 459 1916 excarnenquod
464 1871 525 1905 civilis
532 1880 571 1905 non
578 1870 671 1913 praecipit
676 1870 761 1904 scientiis
768 1868 892 1913 speculativis

139 1927 246 1960 secundum
258 1925 438 1960 determinationem
450 1928 510 1967 actus,
523 1925 556 1959 sed
569 1927 644 1958 tantum
657 1925 763 1958 secundum
775 1934 838 1958 restim.
