1846 3062
249 177 356 218 QUAESTIO
368 178 420 210 xxm
442 177 565 211 ARTICULUS
575 177 598 209 Vl
763 165 804 203 233

113 276 139 309 Au
151 281 232 307 snournuu
243 286 323 308 uicmnun
337 276 390 318 quod
405 275 540 310 certitudinem
555 274 645 309 scientiae
659 274 718 308 habet
732 273 803 316 aliquis

48 341 59 364 a
74 331 115 364 solo
130 330 175 371 Deo,
191 329 224 372 qui
239 330 296 364 nobis
312 330 379 364 11111111
394 330 482 364 rationis
497 329 571 371 indidit,
589 338 624 371 per
639 328 692 372 quod
708 327 804 370 principia

48 383 189 427 cognoscimus,
201 394 225 417 ex
234 384 306 426 quibus
315 383 378 417 oritur
386 387 426 417 tota
435 384 524 418 scientiae
536 384 641 418 certitudo:
654 393 693 416 non
705 385 770 417 autem
778 383 803 416 ab

48 438 125 473 homine
143 438 229 472 exterius
246 438 331 479 docente,
349 438 387 472 nisi
405 441 500 481 cluatenus
519 438 652 472 conclusiones
669 438 689 471 in
707 437 803 480 principia

48 492 129 527 resoluit
143 502 179 526 nos
195 493 271 535 docens,
286 503 310 526 ex
325 502 363 535 quo
378 495 442 526 tamen
457 502 493 526 nos
508 492 642 526 certitudinem
659 492 748 526 scientiae
763 501 803 525 uon

48 547 184 589 acciperemus,
197 546 235 580 nisi
246 547 319 580 inesset
331 547 387 580 nobis
400 546 495 580 certitudo
506 546 653 589 principiorum,
665 546 685 579 in
698 556 747 589 quae
760 555 804 579 ecn-

49 600 145 634 clusiones
157 601 289 634 resolvuntur.

113 655 140 688 Au
151 664 221 687 reanum
232 665 312 687 urrunnun
324 655 376 697 quod
388 655 446 688 bomo
458 664 516 688 cerus
528 657 546 689 et
557 664 601 688 rere
613 655 684 689 doctor
692 654 729 688 dici
738 657 804 696 potest

48 712 67 742 et
78 708 180 743 1111111111
192 709 263 743 docens
275 711 294 741 et
305 706 390 741 mentem
402 709 480 751 quidem
491 708 612 742 illuminans:
624 719 663 742 non
673 709 729 751 quasi
737 709 803 742 lumen

48 762 118 796 rationi
129 762 240 802 infundens,
253 762 286 796 sed
299 762 355 805 quasi
366 762 432 795 lumen
443 762 524 796 rationis
537 762 662 797 condicimus
674 762 698 796 ad
712 762 803 796 scientiae

49 816 186 859 perfectionem
201 827 236 859 per
251 826 278 858 ea,
297 826 346 859 quae
364 816 449 850 exterius
464 816 561 858 proponit.
584 817 649 850 Homo
664 816 715 850 enim
731 817 804 850 docens

50 871 172 905 solummodo
180 870 266 904 exterius
275 870 405 904 ministerium
414 870 497 909 adhibet,
510 870 559 904 sicut
567 870 654 904 medicus
668 880 744 904 sanans.
765 870 803 905 Sed

50 925 99 958 sicut
111 928 180 958 natura
191 924 273 958 interior
284 927 314 958 est
325 923 438 966 principalis
450 933 508 957 causa
520 924 631 965 sanationis,
646 924 673 957 ita
687 927 706 957 et
720 923 804 957 interius

49 978 115 1011 lumen
126 978 234 1012 intellectus
247 981 276 1012 est
285 978 412 1020 principalis
425 987 482 1011 causa
495 978 589 1011 scientiae.
616 978 724 1020 Utrumque
738 981 803 1011 autem

50 1033 120 1065 horum
135 1034 165 1065 est
176 1041 187 1065 a
199 1033 244 1065 Dec.
268 1032 293 1065 Et
307 1032 350 1065 1110
366 1031 416 1065 sicut
431 1031 455 1065 de
467 1032 507 1065 Dec
522 1032 601 1065 dicitur:
617 1031 651 1075 qui
666 1034 721 1065 sanat
736 1041 804 1065 omnes

49 1086 173 1120 infirmitates
188 1089 241 1125 tuas;
256 1086 283 1119 ita
297 1086 321 1119 de
336 1095 358 1119 eo
373 1085 452 1119 dicitur:
468 1086 501 1127 qui
516 1085 572 1119 dccet
583 1085 682 1119 hominem
695 1085 804 1119 scientiam:

50 1140 165 1182 inquautiuu
177 1140 243 1173 lumen
258 1140 324 1173 vultus
339 1139 381 1173 eius
397 1148 507 1181 supernos
522 1139 615 1182 signatur,
630 1149 665 1182 per
680 1140 733 1183 quod
747 1139 804 1173 nobis

50 1194 115 1227 omnia
126 1194 262 1227 ostenduntur.
286 1193 396 1236 Spiritualis
411 1195 475 1226 autern
491 1193 588 1227 doctrinae
604 1197 622 1226 et
636 1193 683 1227 fidei
692 1194 773 1236 primm
786 1196 805 1227 et

47 1248 174 1290 principalis
181 1248 251 1281 (lector
257 1250 286 1281 est
294 1247 389 1281 Christus.
402 1247 457 1280 Unde
463 1247 590 1289 prohibemur
597 1248 633 1280 hoc
639 1248 698 1281 modo
705 1246 804 1281 hominem

50 1311 119 1335 101111
131 1301 253 1344 magistrum,
265 1305 287 1335 ut
296 1302 313 1334 ei
321 1300 483 1343 principalitatem
492 1300 599 1343 magisterii
607 1300 742 1342 attribuamus,
755 1311 806 1344 quae

51 1356 90 1389 Deo
106 1355 206 1397 competit:
222 1355 278 1398 quasi
292 1355 313 1388 in
327 1355 429 1388 hominum
445 1354 538 1396 sapientia
554 1364 608 1396 spem
623 1357 717 1397 ponentes
732 1358 751 1388 et
765 1365 804 1389 non

50 1409 113 1451 magis
126 1408 149 1442 de
161 1408 197 1450 his,
214 1418 263 1451 quae
278 1410 302 1442 ab
318 1408 396 1442 homine
411 1408 527 1449 audivimus,
544 1408 630 1442 divinam
645 1409 747 1442 veritatem
762 1418 806 1442 con·

52 1463 142 1496 solentes.
167 1463 222 1497 Circa
234 1463 286 1505 quod
298 1463 404 1504 Apostolus
417 1462 462 1495 dicit
474 1462 578 1495 1111111.
591 1472 606 1495 c.
614 1464 633 1495 2:
645 1461 666 1495 in
677 1471 716 1504 quc
728 1463 805 1504 positus

52 1526 95 1549 suin
119 1525 155 1559 ego
179 1516 300 1559 praedicator
323 1519 342 1549 et
364 1516 465 1558 apostolus
488 1516 558 1549 doctor
575 1516 666 1558 petatium
685 1516 708 1550 iu
727 1516 768 1550 tide
788 1519 807 1550 et

51 1570 140 1604 ueritate.

322 1827 444 1860 ARTICULUS
455 1826 536 1859 SEXTUS

185 1947 251 1975 trunti
266 1947 347 1975 'siclt-lxo
362 1947 432 1975 [taxum
446 1946 501 1975 FIDES
516 1946 544 1974 sir
558 1944 675 1974 recusatum

83 2066 93 2088 u
105 2065 166 2087 snxrun
178 2065 202 2087 sic
213 2065 319 2087 1101111111.
341 2054 422 2088 Videtur
435 2055 487 2097 11101
499 2055 585 2088 humano
596 2053 663 2097 generi
674 2054 725 2087 fides
733 2063 773 2087 non
783 2054 809 2088 sit

53 2066 81 2139 Α
94 2109 208 2143 necessaria.
227 2109 276 2142 Nam
288 2111 378 2142 naturam
390 2109 495 2143 humanam
504 2109 557 2143 Deus
569 2108 588 2142 in
599 2117 636 2150 ¹sua
645 2107 753 2142 conditione
765 2118 808 2151 per·

52 2163 101 2197 lecte
113 2163 201 2204 instituit,
218 2163 267 2197 sieut
283 2162 353 2197 dicitur
365 2163 422 2197 Decet.
434 2164 464 2196 22:
480 2163 515 2197 Dei
526 2162 612 2205 perfecta
625 2166 670 2195 suut
682 2171 746 2204 opera.
770 2163 809 2197 Sed

53 2227 77 2251 ex
89 2218 125 2260 his,
137 2227 186 2260 quae
198 2217 258 2250 menti
269 2218 365 2251 humanae
372 2218 393 2250 in
403 2227 438 2251 sua
446 2217 555 2251 conditione
564 2219 610 2250 sunt
617 2215 684 2258 indita,
696 2226 735 2250 non
744 2219 810 2260 potest

53 2270 111 2305 homo
126 2271 237 2314 pertingere
254 2272 279 2305 ad
294 2281 321 2313 ea,
339 2281 388 2314 quae
404 2274 449 2305 suut
464 2271 515 2313 fidei,
534 2271 672 2314 cognoscenda.
697 2270 745 2305 (lum
761 2281 808 2314 ergo

53 2325 161 2367 perrectum
173 2326 248 2359 dicatur
260 2325 337 2369 aliquid,
351 2326 380 2359 eui
392 2325 440 2359 nihil
452 2326 506 2359 deest
518 2335 591 2362 eorum.
604 2334 652 2368 quae
662 2325 719 2359 debet
731 2326 810 2368 habere,

54 2379 136 2421 videtur,
149 2381 201 2422 quod
213 2381 271 2414 homo
282 2380 322 2413 tide
334 2390 374 2414 nou
385 2380 476 2422 indigeat.
526 2378 527 2381 ’

119 2436 134 2467 2.
147 2435 253 2474 Paternum,
267 2434 404 2477 unusquisque
419 2434 497 2476 sapiens
512 2434 537 2467 ad
549 2433 702 2476 perveniendum
716 2433 736 2467 in
748 2433 807 2467 finem

55 2487 106 2522 viam
114 2488 167 2531 eligit
176 2489 291 2523 breviorem.
307 2489 345 2523 Sed
353 2488 647 2530 (111111111111111110111111111,
656 2498 683 2530 ea,
692 2497 741 2531 quae
749 2498 810 2531 super

54 2542 148 2577 rationem
162 2546 211 2585 sunt,
224 2544 307 2585 credere,
320 2547 339 2577 et
351 2543 407 2577 valde
419 2543 550 2585 periculosum
563 2543 684 2577 hominibus:
697 2552 741 2576 cum
752 2544 809 2577 multi

53 2606 64 2630 a
77 2600 129 2631 statu
141 2597 209 2632 salutis
221 2597 311 2632 decidant
322 2607 357 2640 per
369 2598 410 2640 boc,
427 2598 480 2640 quod
495 2607 534 2631 non
550 2597 636 2631 creduut.
660 2597 713 2640 Ergo
725 2597 810 2641 videtur,

54 2652 107 2694 quod
119 2653 177 2693 Deus,
189 2652 223 2694 qui
235 2656 264 2686 est
277 2652 438 2694 sapientissimus,
451 2662 490 2685 nou
502 2652 568 2686 debuit
577 2652 628 2685 viam
636 2651 682 2685 11111
691 2661 811 2695 praeparare

54 2705 167 2740 horninibus
179 2706 203 2740 ad
217 2707 303 2741 salutem.
