<?xml version="1.0" encoding="UTF-8"?>
<!DOCTYPE html PUBLIC "-//W3C//DTD XHTML 1.0 Transitional//EN"
    "http://www.w3.org/TR/xhtml1/DTD/xhtml1-transitional.dtd">
<html xmlns="http://www.w3.org/1999/xhtml" xml:lang="en" lang="en">
 <head>
  <title>
</title>
<meta http-equiv="Content-Type" content="text/html;charset=utf-8" />
  <meta name='ocr-system' content='tesseract 3.04.00' />
  <meta name='ocr-capabilities' content='ocr_page ocr_carea ocr_par ocr_line ocrx_word'/>
</head>
<body>
  <div class='ocr_page' id='page_1' title='image "MN41855ucmf_7_0171.png"; bbox 0 0 1846 3062; ppageno 0'>
   <div class='ocr_carea' id='block_1_1' title="bbox 346 138 795 187">
    <p class='ocr_par' dir='ltr' id='par_1_1' title="bbox 346 138 795 187">
     <span class='ocr_line' id='line_1_1' title="bbox 346 138 795 187; baseline 0.009 -9"><span class='ocrx_word' id='word_1_1' title='bbox 346 148 452 187; x_wconf 65' lang='grc'>1111111110</span> <span class='ocrx_word' id='word_1_2' title='bbox 464 148 492 179; x_wconf 71' lang='lat' dir='ltr'>xv</span> <span class='ocrx_word' id='word_1_3' title='bbox 758 138 795 174; x_wconf 82' lang='lat' dir='ltr'>tlt</span> 
     </span>
    </p>
   </div>
   <div class='ocr_carea' id='block_1_2' title="bbox 42 244 797 1087">
    <p class='ocr_par' dir='ltr' id='par_1_2' title="bbox 42 244 797 1087">
     <span class='ocr_line' id='line_1_2' title="bbox 108 244 796 286; baseline -0.003 -8"><span class='ocrx_word' id='word_1_4' title='bbox 108 245 205 278; x_wconf 74' lang='lat' dir='ltr'>Respornro</span> <span class='ocrx_word' id='word_1_5' title='bbox 213 255 292 276; x_wconf 77' lang='lat' dir='ltr'>nmannun</span> <span class='ocrx_word' id='word_1_6' title='bbox 300 245 353 286; x_wconf 86' lang='lat' dir='ltr'>qnod</span> <span class='ocrx_word' id='word_1_7' title='bbox 361 244 433 278; x_wconf 91' lang='lat' dir='ltr'>nullius</span> <span class='ocrx_word' id='word_1_8' title='bbox 442 244 579 278; x_wconf 75' lang='lat' dir='ltr'>enuntiationis</span> <span class='ocrx_word' id='word_1_9' title='bbox 591 244 664 278; x_wconf 86' lang='lat' dir='ltr'>veritas</span> <span class='ocrx_word' id='word_1_10' title='bbox 675 246 705 277; x_wconf 87' lang='lat' dir='ltr'>est</span> <span class='ocrx_word' id='word_1_11' title='bbox 713 247 796 277; x_wconf 86' lang='lat' dir='ltr'>aeterna.</span> 
     </span>
     <span class='ocr_line' id='line_1_3' title="bbox 42 298 796 341; baseline -0.003 -9"><span class='ocrx_word' id='word_1_12' title='bbox 42 299 90 332; x_wconf 80' lang='lat' dir='ltr'>Nam</span> <span class='ocrx_word' id='word_1_13' title='bbox 106 299 178 332; x_wconf 78' lang='lat' dir='ltr'>veritas</span> <span class='ocrx_word' id='word_1_14' title='bbox 193 298 331 332; x_wconf 73' lang='lat' dir='ltr'>enuntiationis</span> <span class='ocrx_word' id='word_1_15' title='bbox 346 298 394 332; x_wconf 88' lang='lat' dir='ltr'>nihil</span> <span class='ocrx_word' id='word_1_16' title='bbox 409 299 461 332; x_wconf 82' lang='lat' dir='ltr'>alind</span> <span class='ocrx_word' id='word_1_17' title='bbox 476 303 506 333; x_wconf 90' lang='lat' dir='ltr'>est</span> <span class='ocrx_word' id='word_1_18' title='bbox 521 309 579 341; x_wconf 79' lang='lat' dir='ltr'>qtmm</span> <span class='ocrx_word' id='word_1_19' title='bbox 594 298 667 332; x_wconf 86' lang='lat' dir='ltr'>veritas</span> <span class='ocrx_word' id='word_1_20' title='bbox 682 298 796 331; x_wconf 81' lang='lat' dir='ltr'>intellectus.</span> 
     </span>
     <span class='ocr_line' id='line_1_4' title="bbox 44 351 797 394; baseline -0.001 -9"><span class='ocrx_word' id='word_1_21' title='bbox 44 352 155 386; x_wconf 86' lang='lat' dir='ltr'>Enuntiatio</span> <span class='ocrx_word' id='word_1_22' title='bbox 167 352 218 386; x_wconf 88' lang='lat' dir='ltr'>enim</span> <span class='ocrx_word' id='word_1_23' title='bbox 230 356 260 386; x_wconf 89' lang='lat' dir='ltr'>est</span> <span class='ocrx_word' id='word_1_24' title='bbox 272 352 292 386; x_wconf 88' lang='lat' dir='ltr'>in</span> <span class='ocrx_word' id='word_1_25' title='bbox 303 353 400 386; x_wconf 81' lang='lat' dir='ltr'>intellectu</span> <span class='ocrx_word' id='word_1_26' title='bbox 412 353 462 386; x_wconf 89' lang='lat' dir='ltr'>etin</span> <span class='ocrx_word' id='word_1_27' title='bbox 475 363 526 387; x_wconf 86' lang='lat' dir='ltr'>voce.</span> <span class='ocrx_word' id='word_1_28' title='bbox 548 354 657 387; x_wconf 81' lang='lat' dir='ltr'>Secundum</span> <span class='ocrx_word' id='word_1_29' title='bbox 670 354 734 386; x_wconf 88' lang='lat' dir='ltr'>autem</span> <span class='ocrx_word' id='word_1_30' title='bbox 744 351 797 394; x_wconf 87' lang='lat' dir='ltr'>quod</span> 
     </span>
     <span class='ocr_line' id='line_1_5' title="bbox 42 405 795 449; baseline -0.001 -11"><span class='ocrx_word' id='word_1_31' title='bbox 42 408 72 439; x_wconf 90' lang='lat' dir='ltr'>est</span> <span class='ocrx_word' id='word_1_32' title='bbox 83 406 104 439; x_wconf 91' lang='lat' dir='ltr'>in</span> <span class='ocrx_word' id='word_1_33' title='bbox 115 405 217 446; x_wconf 71' lang='lat' dir='ltr'>intellectu,</span> <span class='ocrx_word' id='word_1_34' title='bbox 230 407 288 440; x_wconf 89' lang='lat' dir='ltr'>habet</span> <span class='ocrx_word' id='word_1_35' title='bbox 299 415 334 449; x_wconf 89' lang='lat' dir='ltr'>per</span> <span class='ocrx_word' id='word_1_36' title='bbox 347 416 367 440; x_wconf 92' lang='lat' dir='ltr'>se</span> <span class='ocrx_word' id='word_1_37' title='bbox 379 406 487 440; x_wconf 87' lang='lat' dir='ltr'>veritatem.</span> <span class='ocrx_word' id='word_1_38' title='bbox 508 407 545 440; x_wconf 84' lang='lat' dir='ltr'>Sed</span> <span class='ocrx_word' id='word_1_39' title='bbox 558 407 664 440; x_wconf 86' lang='lat' dir='ltr'>seeundum</span> <span class='ocrx_word' id='word_1_40' title='bbox 677 405 730 449; x_wconf 84' lang='lat' dir='ltr'>quod</span> <span class='ocrx_word' id='word_1_41' title='bbox 739 405 795 439; x_wconf 85' lang='lat' dir='ltr'>estin</span> 
     </span>
     <span class='ocr_line' id='line_1_6' title="bbox 42 459 797 504; baseline -0.003 -11"><span class='ocrx_word' id='word_1_42' title='bbox 42 469 94 501; x_wconf 71' lang='lat' dir='ltr'>vooe,</span> <span class='ocrx_word' id='word_1_43' title='bbox 107 459 177 494; x_wconf 85' lang='lat' dir='ltr'>dieitur</span> <span class='ocrx_word' id='word_1_44' title='bbox 189 470 236 494; x_wconf 85' lang='lat' dir='ltr'>vera</span> <span class='ocrx_word' id='word_1_45' title='bbox 246 460 357 497; x_wconf 82' lang='lat' dir='ltr'>enuntiatio.</span> <span class='ocrx_word' id='word_1_46' title='bbox 371 461 476 494; x_wconf 85' lang='lat' dir='ltr'>seeundum</span> <span class='ocrx_word' id='word_1_47' title='bbox 486 461 539 502; x_wconf 88' lang='lat' dir='ltr'>qnod</span> <span class='ocrx_word' id='word_1_48' title='bbox 548 460 644 504; x_wconf 81' lang='lat' dir='ltr'>signifieat</span> <span class='ocrx_word' id='word_1_49' title='bbox 653 460 738 503; x_wconf 84' lang='lat' dir='ltr'>aliquam</span> <span class='ocrx_word' id='word_1_50' title='bbox 747 459 797 493; x_wconf 86' lang='lat' dir='ltr'>veri·</span> 
     </span>
     <span class='ocr_line' id='line_1_7' title="bbox 43 513 796 557; baseline 0 -11"><span class='ocrx_word' id='word_1_51' title='bbox 43 517 101 548; x_wconf 89' lang='lat' dir='ltr'>tatem</span> <span class='ocrx_word' id='word_1_52' title='bbox 116 514 233 555; x_wconf 60' lang='lat' dir='ltr'>intellectum</span> <span class='ocrx_word' id='word_1_53' title='bbox 251 524 291 547; x_wconf 90' lang='lat' dir='ltr'>non</span> <span class='ocrx_word' id='word_1_54' title='bbox 308 517 389 556; x_wconf 88' lang='lat' dir='ltr'>propter</span> <span class='ocrx_word' id='word_1_55' title='bbox 406 514 490 557; x_wconf 86' lang='lat' dir='ltr'>aliquam</span> <span class='ocrx_word' id='word_1_56' title='bbox 509 514 610 548; x_wconf 86' lang='lat' dir='ltr'>veritatem</span> <span class='ocrx_word' id='word_1_57' title='bbox 627 514 648 547; x_wconf 90' lang='grc'>111</span> <span class='ocrx_word' id='word_1_58' title='bbox 665 513 796 548; x_wconf 75' lang='lat' dir='ltr'>enuntiatione</span> 
     </span>
     <span class='ocr_line' id='line_1_8' title="bbox 42 567 796 610; baseline 0 -10"><span class='ocrx_word' id='word_1_59' title='bbox 42 567 156 602; x_wconf 79' lang='lat' dir='ltr'>existentem</span> <span class='ocrx_word' id='word_1_60' title='bbox 166 568 215 602; x_wconf 86' lang='lat' dir='ltr'>siout</span> <span class='ocrx_word' id='word_1_61' title='bbox 222 568 242 601; x_wconf 89' lang='lat' dir='ltr'>in</span> <span class='ocrx_word' id='word_1_62' title='bbox 251 567 342 601; x_wconf 76' lang='lat' dir='ltr'>subiecto.</span> <span class='ocrx_word' id='word_1_63' title='bbox 363 568 416 602; x_wconf 84' lang='lat' dir='ltr'>Siout</span> <span class='ocrx_word' id='word_1_64' title='bbox 425 569 477 602; x_wconf 80' lang='lat' dir='ltr'>color</span> <span class='ocrx_word' id='word_1_65' title='bbox 486 568 556 601; x_wconf 83' lang='lat' dir='ltr'>dieitur</span> <span class='ocrx_word' id='word_1_66' title='bbox 565 578 630 610; x_wconf 69' lang='lat' dir='ltr'>sanus,</span> <span class='ocrx_word' id='word_1_67' title='bbox 642 578 699 602; x_wconf 86' lang='lat' dir='ltr'>nona</span> <span class='ocrx_word' id='word_1_68' title='bbox 709 567 796 608; x_wconf 84' lang='lat' dir='ltr'>sanitate,</span> 
     </span>
     <span class='ocr_line' id='line_1_9' title="bbox 42 621 796 664; baseline -0.003 -9"><span class='ocrx_word' id='word_1_69' title='bbox 42 631 91 664; x_wconf 84' lang='lat' dir='ltr'>quae</span> <span class='ocrx_word' id='word_1_70' title='bbox 103 621 178 664; x_wconf 83' lang='lat' dir='ltr'>inipso</span> <span class='ocrx_word' id='word_1_71' title='bbox 191 621 221 663; x_wconf 81' lang='lat' dir='ltr'>sit,</span> <span class='ocrx_word' id='word_1_72' title='bbox 234 622 291 655; x_wconf 89' lang='lat' dir='ltr'>seda</span> <span class='ocrx_word' id='word_1_73' title='bbox 304 621 385 655; x_wconf 87' lang='lat' dir='ltr'>sanitate</span> <span class='ocrx_word' id='word_1_74' title='bbox 397 621 490 664; x_wconf 85' lang='lat' dir='ltr'>animalis,</span> <span class='ocrx_word' id='word_1_75' title='bbox 508 632 566 664; x_wconf 86' lang='lat' dir='ltr'>quam</span> <span class='ocrx_word' id='word_1_76' title='bbox 579 621 680 664; x_wconf 77' lang='lat' dir='ltr'>signifieat.</span> <span class='ocrx_word' id='word_1_77' title='bbox 704 621 796 656; x_wconf 80' lang='lat' dir='ltr'>Similiter</span> 
     </span>
     <span class='ocr_line' id='line_1_10' title="bbox 42 674 796 710; baseline 0 -2"><span class='ocrx_word' id='word_1_78' title='bbox 42 674 100 708; x_wconf 88' lang='lat' dir='ltr'>etiam</span> <span class='ocrx_word' id='word_1_79' title='bbox 111 685 143 709; x_wconf 92' lang='lat' dir='ltr'>res</span> <span class='ocrx_word' id='word_1_80' title='bbox 156 675 306 709; x_wconf 82' lang='lat' dir='ltr'>denominantur</span> <span class='ocrx_word' id='word_1_81' title='bbox 318 685 375 709; x_wconf 88' lang='lat' dir='ltr'>verae</span> <span class='ocrx_word' id='word_1_82' title='bbox 387 686 398 709; x_wconf 90' lang='lat' dir='ltr'>a</span> <span class='ocrx_word' id='word_1_83' title='bbox 410 675 491 709; x_wconf 85' lang='lat' dir='ltr'>veritate</span> <span class='ocrx_word' id='word_1_84' title='bbox 502 676 615 709; x_wconf 80' lang='lat' dir='ltr'>intellectus.</span> <span class='ocrx_word' id='word_1_85' title='bbox 635 676 690 710; x_wconf 85' lang='lat' dir='ltr'>Unde</span> <span class='ocrx_word' id='word_1_86' title='bbox 703 676 719 709; x_wconf 88' lang='lat' dir='ltr'>si</span> <span class='ocrx_word' id='word_1_87' title='bbox 731 675 796 708; x_wconf 82' lang='lat' dir='ltr'>nullus</span> 
     </span>
     <span class='ocr_line' id='line_1_11' title="bbox 42 728 796 772; baseline 0 -11"><span class='ocrx_word' id='word_1_88' title='bbox 42 728 150 763; x_wconf 80' lang='lat' dir='ltr'>intellectus</span> <span class='ocrx_word' id='word_1_89' title='bbox 162 732 214 763; x_wconf 86' lang='lat' dir='ltr'>esset</span> <span class='ocrx_word' id='word_1_90' title='bbox 226 732 321 770; x_wconf 85' lang='lat' dir='ltr'>aeternus,</span> <span class='ocrx_word' id='word_1_91' title='bbox 333 730 386 763; x_wconf 93' lang='lat' dir='ltr'>nulla</span> <span class='ocrx_word' id='word_1_92' title='bbox 398 730 471 763; x_wconf 88' lang='lat' dir='ltr'>veritas</span> <span class='ocrx_word' id='word_1_93' title='bbox 479 733 531 763; x_wconf 89' lang='lat' dir='ltr'>esset</span> <span class='ocrx_word' id='word_1_94' title='bbox 539 732 621 763; x_wconf 86' lang='lat' dir='ltr'>aeterna.</span> <span class='ocrx_word' id='word_1_95' title='bbox 641 730 678 763; x_wconf 82' lang='lat' dir='ltr'>Sed</span> <span class='ocrx_word' id='word_1_96' title='bbox 688 729 734 772; x_wconf 68' lang='lat' dir='ltr'>tutia</span> <span class='ocrx_word' id='word_1_97' title='bbox 742 729 796 763; x_wconf 82' lang='lat' dir='ltr'>solus</span> 
     </span>
     <span class='ocr_line' id='line_1_12' title="bbox 42 782 796 826; baseline 0.001 -11"><span class='ocrx_word' id='word_1_98' title='bbox 42 782 150 817; x_wconf 78' lang='lat' dir='ltr'>intellectus</span> <span class='ocrx_word' id='word_1_99' title='bbox 165 783 244 817; x_wconf 88' lang='lat' dir='ltr'>divinus</span> <span class='ocrx_word' id='word_1_100' title='bbox 259 787 289 817; x_wconf 90' lang='lat' dir='ltr'>est</span> <span class='ocrx_word' id='word_1_101' title='bbox 303 786 399 825; x_wconf 72' lang='lat' dir='ltr'>aeternus7</span> <span class='ocrx_word' id='word_1_102' title='bbox 416 784 436 817; x_wconf 91' lang='lat' dir='ltr'>in</span> <span class='ocrx_word' id='word_1_103' title='bbox 453 783 497 826; x_wconf 83' lang='lat' dir='ltr'>ipso</span> <span class='ocrx_word' id='word_1_104' title='bbox 513 784 553 818; x_wconf 89' lang='lat' dir='ltr'>solo</span> <span class='ocrx_word' id='word_1_105' title='bbox 569 784 641 817; x_wconf 84' lang='lat' dir='ltr'>veritas</span> <span class='ocrx_word' id='word_1_106' title='bbox 657 784 796 817; x_wconf 79' lang='lat' dir='ltr'>aeternitatem</span> 
     </span>
     <span class='ocr_line' id='line_1_13' title="bbox 42 836 795 880; baseline -0.001 -10"><span class='ocrx_word' id='word_1_107' title='bbox 42 837 104 870; x_wconf 83' lang='lat' dir='ltr'>habet.</span> <span class='ocrx_word' id='word_1_108' title='bbox 125 837 140 870; x_wconf 87' lang='lat' dir='ltr'>E</span> <span class='ocrx_word' id='word_1_109' title='bbox 157 836 183 870; x_wconf 89' lang='lat' dir='ltr'>ita</span> <span class='ocrx_word' id='word_1_110' title='bbox 191 837 211 870; x_wconf 92' lang='lat' dir='ltr'>iu</span> <span class='ocrx_word' id='word_1_111' title='bbox 222 837 265 880; x_wconf 89' lang='lat' dir='ltr'>ipso</span> <span class='ocrx_word' id='word_1_112' title='bbox 278 838 319 871; x_wconf 90' lang='lat' dir='ltr'>solo</span> <span class='ocrx_word' id='word_1_113' title='bbox 331 838 437 871; x_wconf 86' lang='lat' dir='ltr'>enuntiatio</span> <span class='ocrx_word' id='word_1_114' title='bbox 449 840 479 871; x_wconf 93' lang='lat' dir='ltr'>est</span> <span class='ocrx_word' id='word_1_115' title='bbox 491 839 515 871; x_wconf 87' lang='lat' dir='ltr'>ab</span> <span class='ocrx_word' id='word_1_116' title='bbox 527 842 605 871; x_wconf 85' lang='lat' dir='ltr'>aeterno</span> <span class='ocrx_word' id='word_1_117' title='bbox 617 847 669 879; x_wconf 84' lang='lat' dir='ltr'>vera,</span> <span class='ocrx_word' id='word_1_118' title='bbox 680 847 720 870; x_wconf 92' lang='lat' dir='ltr'>non</span> <span class='ocrx_word' id='word_1_119' title='bbox 732 840 795 870; x_wconf 84' lang='lat' dir='ltr'>autern</span> 
     </span>
     <span class='ocr_line' id='line_1_14' title="bbox 42 889 796 934; baseline 0 -11"><span class='ocrx_word' id='word_1_120' title='bbox 42 889 61 923; x_wconf 91' lang='lat' dir='ltr'>in</span> <span class='ocrx_word' id='word_1_121' title='bbox 74 900 94 924; x_wconf 90' lang='lat' dir='ltr'>se</span> <span class='ocrx_word' id='word_1_122' title='bbox 106 890 154 933; x_wconf 88' lang='lat' dir='ltr'>ipsa.</span> <span class='ocrx_word' id='word_1_123' title='bbox 174 892 222 925; x_wconf 90' lang='lat' dir='ltr'>Nam</span> <span class='ocrx_word' id='word_1_124' title='bbox 231 891 309 933; x_wconf 73' lang='lat' dir='ltr'>veritas⁷</span> <span class='ocrx_word' id='word_1_125' title='bbox 322 900 423 934; x_wconf 85' lang='lat' dir='ltr'>perquam</span> <span class='ocrx_word' id='word_1_126' title='bbox 432 892 502 925; x_wconf 83' lang='lat' dir='ltr'>dieitur</span> <span class='ocrx_word' id='word_1_127' title='bbox 511 892 616 925; x_wconf 85' lang='lat' dir='ltr'>enuntiatio</span> <span class='ocrx_word' id='word_1_128' title='bbox 624 892 648 925; x_wconf 88' lang='lat' dir='ltr'>ab</span> <span class='ocrx_word' id='word_1_129' title='bbox 658 895 736 925; x_wconf 89' lang='lat' dir='ltr'>aeterno</span> <span class='ocrx_word' id='word_1_130' title='bbox 745 900 796 931; x_wconf 86' lang='lat' dir='ltr'>vera,</span> 
     </span>
     <span class='ocr_line' id='line_1_15' title="bbox 42 944 796 988; baseline -0.001 -11"><span class='ocrx_word' id='word_1_131' title='bbox 42 953 91 986; x_wconf 77' lang='lat' dir='ltr'>quae</span> <span class='ocrx_word' id='word_1_132' title='bbox 103 947 133 979; x_wconf 86' lang='lat' dir='ltr'>est</span> <span class='ocrx_word' id='word_1_133' title='bbox 144 944 217 979; x_wconf 84' lang='lat' dir='ltr'>veritas</span> <span class='ocrx_word' id='word_1_134' title='bbox 229 944 337 979; x_wconf 86' lang='lat' dir='ltr'>intelleotus</span> <span class='ocrx_word' id='word_1_135' title='bbox 349 945 415 987; x_wconf 86' lang='lat' dir='ltr'>divini,</span> <span class='ocrx_word' id='word_1_136' title='bbox 428 949 458 979; x_wconf 89' lang='lat' dir='ltr'>est</span> <span class='ocrx_word' id='word_1_137' title='bbox 470 945 511 988; x_wconf 87' lang='lat' dir='ltr'>ipse</span> <span class='ocrx_word' id='word_1_138' title='bbox 524 947 582 979; x_wconf 89' lang='lat' dir='ltr'>Dens.</span> <span class='ocrx_word' id='word_1_139' title='bbox 602 946 657 979; x_wconf 86' lang='lat' dir='ltr'>Unde</span> <span class='ocrx_word' id='word_1_140' title='bbox 669 947 722 987; x_wconf 88' lang='lat' dir='ltr'>patet</span> <span class='ocrx_word' id='word_1_141' title='bbox 733 945 796 984; x_wconf 88' lang='lat' dir='ltr'>etiam,</span> 
     </span>
     <span class='ocr_line' id='line_1_16' title="bbox 42 998 797 1040; baseline -0.001 -9"><span class='ocrx_word' id='word_1_142' title='bbox 42 998 95 1039; x_wconf 82' lang='lat' dir='ltr'>quod</span> <span class='ocrx_word' id='word_1_143' title='bbox 110 998 185 1032; x_wconf 90' lang='lat' dir='ltr'>etiamsi</span> <span class='ocrx_word' id='word_1_144' title='bbox 199 998 307 1033; x_wconf 77' lang='lat' dir='ltr'>intellectus</span> <span class='ocrx_word' id='word_1_145' title='bbox 322 1000 420 1033; x_wconf 86' lang='lat' dir='ltr'>humanus</span> <span class='ocrx_word' id='word_1_146' title='bbox 435 1009 474 1032; x_wconf 91' lang='lat' dir='ltr'>non</span> <span class='ocrx_word' id='word_1_147' title='bbox 490 1006 546 1040; x_wconf 81' lang='lat' dir='ltr'>esset,</span> <span class='ocrx_word' id='word_1_148' title='bbox 562 1000 624 1033; x_wconf 86' lang='lat' dir='ltr'>adhuc</span> <span class='ocrx_word' id='word_1_149' title='bbox 639 1009 671 1032; x_wconf 89' lang='lat' dir='ltr'>res</span> <span class='ocrx_word' id='word_1_150' title='bbox 686 998 797 1032; x_wconf 82' lang='lat' dir='ltr'>dicerentur</span> 
     </span>
     <span class='ocr_line' id='line_1_17' title="bbox 43 1051 484 1087; baseline 0.007 -3"><span class='ocrx_word' id='word_1_151' title='bbox 43 1060 100 1085; x_wconf 83' lang='lat' dir='ltr'>verae</span> <span class='ocrx_word' id='word_1_152' title='bbox 112 1051 132 1085; x_wconf 92' lang='lat' dir='ltr'>in</span> <span class='ocrx_word' id='word_1_153' title='bbox 144 1052 212 1085; x_wconf 81' lang='lat' dir='ltr'>ordine</span> <span class='ocrx_word' id='word_1_154' title='bbox 224 1053 249 1086; x_wconf 87' lang='lat' dir='ltr'>ad</span> <span class='ocrx_word' id='word_1_155' title='bbox 260 1053 378 1086; x_wconf 74' lang='lat' dir='ltr'>intellectum</span> <span class='ocrx_word' id='word_1_156' title='bbox 390 1053 484 1087; x_wconf 77' lang='lat' dir='ltr'>divinum.</span> 
     </span>
    </p>
   </div>
   <div class='ocr_carea' id='block_1_3' title="bbox 42 1127 797 1602">
    <p class='ocr_par' dir='ltr' id='par_1_3' title="bbox 42 1127 796 1333">
     <span class='ocr_line' id='line_1_18' title="bbox 107 1127 795 1172; baseline -0.001 -11"><span class='ocrx_word' id='word_1_157' title='bbox 107 1127 133 1161; x_wconf 77' lang='lat' dir='ltr'>An</span> <span class='ocrx_word' id='word_1_158' title='bbox 148 1137 210 1159; x_wconf 79' lang='lat' dir='ltr'>rnruun</span> <span class='ocrx_word' id='word_1_159' title='bbox 224 1138 266 1160; x_wconf 69' lang='grc'>1111111</span> <span class='ocrx_word' id='word_1_160' title='bbox 279 1139 358 1161; x_wconf 76' lang='lat' dir='ltr'>nicarum</span> <span class='ocrx_word' id='word_1_161' title='bbox 374 1130 426 1171; x_wconf 87' lang='lat' dir='ltr'>qnod</span> <span class='ocrx_word' id='word_1_162' title='bbox 438 1129 570 1163; x_wconf 79' lang='lat' dir='ltr'>necessarium</span> <span class='ocrx_word' id='word_1_163' title='bbox 583 1129 680 1172; x_wconf 77' lang='lat' dir='ltr'>significat</span> <span class='ocrx_word' id='word_1_164' title='bbox 692 1129 795 1170; x_wconf 79' lang='lat' dir='ltr'>quemdam</span> 
     </span>
     <span class='ocr_line' id='line_1_19' title="bbox 43 1181 796 1225; baseline 0 -11"><span class='ocrx_word' id='word_1_165' title='bbox 43 1181 122 1214; x_wconf 90' lang='lat' dir='ltr'>modum</span> <span class='ocrx_word' id='word_1_166' title='bbox 131 1181 224 1216; x_wconf 78' lang='lat' dir='ltr'>ueritatis.</span> <span class='ocrx_word' id='word_1_167' title='bbox 243 1183 316 1216; x_wconf 88' lang='lat' dir='ltr'>Verum</span> <span class='ocrx_word' id='word_1_168' title='bbox 325 1185 389 1216; x_wconf 89' lang='lat' dir='ltr'>autem</span> <span class='ocrx_word' id='word_1_169' title='bbox 399 1184 505 1216; x_wconf 87' lang='lat' dir='ltr'>seeundum</span> <span class='ocrx_word' id='word_1_170' title='bbox 514 1183 655 1225; x_wconf 80' lang='lat' dir='ltr'>Philosophum</span> <span class='ocrx_word' id='word_1_171' title='bbox 665 1185 674 1216; x_wconf 85' lang='lat'>5</span> <span class='ocrx_word' id='word_1_172' title='bbox 683 1183 796 1224; x_wconf 69' lang='lat' dir='ltr'>rretapays.</span> 
     </span>
     <span class='ocr_line' id='line_1_20' title="bbox 42 1235 796 1279; baseline 0.001 -12"><span class='ocrx_word' id='word_1_173' title='bbox 42 1243 56 1267; x_wconf 84' lang='lat' dir='ltr'>e.</span> <span class='ocrx_word' id='word_1_174' title='bbox 69 1235 79 1268; x_wconf 88' lang='lat'><strong>3</strong></span> <span class='ocrx_word' id='word_1_175' title='bbox 91 1235 151 1268; x_wconf 89' lang='lat' dir='ltr'>estin</span> <span class='ocrx_word' id='word_1_176' title='bbox 163 1236 265 1269; x_wconf 82' lang='lat' dir='ltr'>intellectu.</span> <span class='ocrx_word' id='word_1_177' title='bbox 289 1236 399 1269; x_wconf 78' lang='lat' dir='ltr'>Secundum</span> <span class='ocrx_word' id='word_1_178' title='bbox 415 1238 451 1270; x_wconf 87' lang='lat' dir='ltr'>hoo</span> <span class='ocrx_word' id='word_1_179' title='bbox 465 1237 525 1279; x_wconf 80' lang='lat' dir='ltr'>igitur</span> <span class='ocrx_word' id='word_1_180' title='bbox 540 1247 587 1270; x_wconf 82' lang='lat' dir='ltr'>vera</span> <span class='ocrx_word' id='word_1_181' title='bbox 599 1239 617 1270; x_wconf 90' lang='lat' dir='ltr'>et</span> <span class='ocrx_word' id='word_1_182' title='bbox 628 1236 738 1269; x_wconf 72' lang='lat' dir='ltr'>necessaria</span> <span class='ocrx_word' id='word_1_183' title='bbox 751 1239 796 1269; x_wconf 87' lang='lat' dir='ltr'>sunt</span> 
     </span>
     <span class='ocr_line' id='line_1_21' title="bbox 42 1289 725 1333; baseline 0.001 -12"><span class='ocrx_word' id='word_1_184' title='bbox 42 1290 124 1331; x_wconf 85' lang='lat' dir='ltr'>aeterna,</span> <span class='ocrx_word' id='word_1_185' title='bbox 137 1289 182 1332; x_wconf 86' lang='lat' dir='ltr'>quia</span> <span class='ocrx_word' id='word_1_186' title='bbox 194 1289 271 1323; x_wconf 87' lang='lat' dir='ltr'>suntin</span> <span class='ocrx_word' id='word_1_187' title='bbox 283 1290 380 1323; x_wconf 86' lang='lat' dir='ltr'>intelleotu</span> <span class='ocrx_word' id='word_1_188' title='bbox 392 1293 475 1331; x_wconf 65' lang='lat' dir='ltr'>aeterno,</span> <span class='ocrx_word' id='word_1_189' title='bbox 488 1290 521 1333; x_wconf 89' lang='lat' dir='ltr'>qui</span> <span class='ocrx_word' id='word_1_190' title='bbox 533 1295 563 1324; x_wconf 90' lang='lat' dir='ltr'>est</span> <span class='ocrx_word' id='word_1_191' title='bbox 576 1291 629 1324; x_wconf 89' lang='lat' dir='ltr'>solus</span> <span class='ocrx_word' id='word_1_192' title='bbox 641 1290 725 1324; x_wconf 89' lang='lat' dir='ltr'>divinus.</span> 
     </span>
    </p>

    <p class='ocr_par' dir='ltr' id='par_1_4' title="bbox 42 1343 797 1602">
     <span class='ocr_line' id='line_1_22' title="bbox 107 1343 796 1386; baseline 0.003 -11"><span class='ocrx_word' id='word_1_193' title='bbox 107 1343 133 1375; x_wconf 76' lang='lat' dir='ltr'>An</span> <span class='ocrx_word' id='word_1_194' title='bbox 150 1353 232 1375; x_wconf 77' lang='lat' dir='ltr'>sremouu</span> <span class='ocrx_word' id='word_1_195' title='bbox 247 1354 326 1376; x_wconf 72' lang='lat' dir='ltr'>urrunnun</span> <span class='ocrx_word' id='word_1_196' title='bbox 340 1345 393 1386; x_wconf 89' lang='lat' dir='ltr'>quod</span> <span class='ocrx_word' id='word_1_197' title='bbox 408 1345 480 1378; x_wconf 85' lang='lat' dir='ltr'>veritas</span> <span class='ocrx_word' id='word_1_198' title='bbox 496 1345 555 1378; x_wconf 85' lang='lat' dir='ltr'>huius</span> <span class='ocrx_word' id='word_1_199' title='bbox 571 1344 720 1386; x_wconf 81' lang='lat' dir='ltr'>propositionis:</span> <span class='ocrx_word' id='word_1_200' title='bbox 738 1354 796 1377; x_wconf 79' lang='lat' dir='ltr'>omne</span> 
     </span>
     <span class='ocr_line' id='line_1_23' title="bbox 43 1397 797 1440; baseline 0.004 -12"><span class='ocrx_word' id='word_1_201' title='bbox 43 1397 106 1430; x_wconf 78' lang='lat' dir='ltr'>totum</span> <span class='ocrx_word' id='word_1_202' title='bbox 118 1399 145 1430; x_wconf 78' lang='lat' dir='ltr'>est</span> <span class='ocrx_word' id='word_1_203' title='bbox 156 1397 223 1430; x_wconf 76' lang='lat' dir='ltr'>motus</span> <span class='ocrx_word' id='word_1_204' title='bbox 235 1407 273 1431; x_wconf 77' lang='lat' dir='ltr'>sud</span> <span class='ocrx_word' id='word_1_205' title='bbox 285 1400 347 1440; x_wconf 78' lang='lat' dir='ltr'>parte</span> <span class='ocrx_word' id='word_1_206' title='bbox 358 1401 377 1430; x_wconf 89' lang='lat' dir='ltr'>et</span> <span class='ocrx_word' id='word_1_207' title='bbox 388 1398 508 1440; x_wconf 85' lang='lat' dir='ltr'>reliquarum</span> <span class='ocrx_word' id='word_1_208' title='bbox 523 1398 676 1431; x_wconf 79' lang='lat' dir='ltr'>necessariarum</span> <span class='ocrx_word' id='word_1_209' title='bbox 689 1400 754 1439; x_wconf 88' lang='lat' dir='ltr'>potest</span> <span class='ocrx_word' id='word_1_210' title='bbox 765 1397 797 1430; x_wconf 87' lang='lat' dir='ltr'>de·</span> 
     </span>
     <span class='ocr_line' id='line_1_24' title="bbox 42 1450 796 1495; baseline 0.003 -13"><span class='ocrx_word' id='word_1_211' title='bbox 42 1450 100 1483; x_wconf 77' lang='lat' dir='ltr'>licere</span> <span class='ocrx_word' id='word_1_212' title='bbox 112 1460 147 1492; x_wconf 88' lang='lat' dir='ltr'>per</span> <span class='ocrx_word' id='word_1_213' title='bbox 162 1451 249 1485; x_wconf 86' lang='lat' dir='ltr'>aooidens</span> <span class='ocrx_word' id='word_1_214' title='bbox 266 1454 360 1493; x_wconf 85' lang='lat' dir='ltr'>quantum</span> <span class='ocrx_word' id='word_1_215' title='bbox 375 1452 399 1485; x_wconf 88' lang='lat' dir='ltr'>ad</span> <span class='ocrx_word' id='word_1_216' title='bbox 415 1461 463 1494; x_wconf 70' lang='lat' dir='ltr'>esse,</span> <span class='ocrx_word' id='word_1_217' title='bbox 478 1452 531 1495; x_wconf 85' lang='lat' dir='ltr'>quod</span> <span class='ocrx_word' id='word_1_218' title='bbox 546 1452 604 1486; x_wconf 87' lang='lat' dir='ltr'>habet</span> <span class='ocrx_word' id='word_1_219' title='bbox 616 1452 636 1485; x_wconf 91' lang='lat' dir='ltr'>in</span> <span class='ocrx_word' id='word_1_220' title='bbox 652 1451 716 1485; x_wconf 87' lang='lat' dir='ltr'>anima</span> <span class='ocrx_word' id='word_1_221' title='bbox 731 1452 762 1486; x_wconf 87' lang='lat' dir='ltr'>vel</span> <span class='ocrx_word' id='word_1_222' title='bbox 777 1451 796 1485; x_wconf 90' lang='lat' dir='ltr'>in</span> 
     </span>
     <span class='ocr_line' id='line_1_25' title="bbox 43 1504 797 1545; baseline 0.003 -9"><span class='ocrx_word' id='word_1_223' title='bbox 43 1505 107 1545; x_wconf 71' lang='lat' dir='ltr'>rebus</span> <span class='ocrx_word' id='word_1_224' title='bbox 120 1504 137 1537; x_wconf 88' lang='lat' dir='ltr'>si</span> <span class='ocrx_word' id='word_1_225' title='bbox 148 1514 181 1538; x_wconf 87' lang='lat' dir='ltr'>res</span> <span class='ocrx_word' id='word_1_226' title='bbox 192 1504 235 1538; x_wconf 91' lang='lat' dir='ltr'>illae</span> <span class='ocrx_word' id='word_1_227' title='bbox 247 1505 357 1539; x_wconf 83' lang='lat' dir='ltr'>detioerent.</span> <span class='ocrx_word' id='word_1_228' title='bbox 378 1506 427 1539; x_wconf 84' lang='lat' dir='ltr'>Tum</span> <span class='ocrx_word' id='word_1_229' title='bbox 439 1506 490 1539; x_wconf 89' lang='lat' dir='ltr'>enim</span> <span class='ocrx_word' id='word_1_230' title='bbox 502 1516 542 1539; x_wconf 88' lang='lat' dir='ltr'>non</span> <span class='ocrx_word' id='word_1_231' title='bbox 553 1508 676 1540; x_wconf 80' lang='lat' dir='ltr'>remanerent</span> <span class='ocrx_word' id='word_1_232' title='bbox 687 1506 736 1539; x_wconf 83' lang='lat' dir='ltr'>istae</span> <span class='ocrx_word' id='word_1_233' title='bbox 748 1505 797 1539; x_wconf 88' lang='lat' dir='ltr'>veri-</span> 
     </span>
     <span class='ocr_line' id='line_1_26' title="bbox 43 1557 797 1602; baseline 0.003 -12"><span class='ocrx_word' id='word_1_234' title='bbox 43 1559 91 1592; x_wconf 87' lang='lat' dir='ltr'>tates</span> <span class='ocrx_word' id='word_1_235' title='bbox 104 1557 141 1592; x_wconf 87' lang='lat' dir='ltr'>nisi</span> <span class='ocrx_word' id='word_1_236' title='bbox 153 1558 173 1591; x_wconf 90' lang='lat' dir='ltr'>in</span> <span class='ocrx_word' id='word_1_237' title='bbox 185 1558 230 1600; x_wconf 86' lang='lat' dir='ltr'>Deo,</span> <span class='ocrx_word' id='word_1_238' title='bbox 247 1558 266 1592; x_wconf 90' lang='lat' dir='ltr'>in</span> <span class='ocrx_word' id='word_1_239' title='bbox 281 1569 320 1602; x_wconf 89' lang='lat' dir='ltr'>quo</span> <span class='ocrx_word' id='word_1_240' title='bbox 333 1562 379 1593; x_wconf 88' lang='lat' dir='ltr'>sunt</span> <span class='ocrx_word' id='word_1_241' title='bbox 390 1569 429 1593; x_wconf 87' lang='lat' dir='ltr'>una</span> <span class='ocrx_word' id='word_1_242' title='bbox 441 1561 460 1593; x_wconf 89' lang='lat' dir='ltr'>et</span> <span class='ocrx_word' id='word_1_243' title='bbox 471 1559 537 1593; x_wconf 87' lang='lat' dir='ltr'>eadem</span> <span class='ocrx_word' id='word_1_244' title='bbox 550 1559 629 1594; x_wconf 80' lang='lat' dir='ltr'>veritas.</span> <span class='ocrx_word' id='word_1_245' title='bbox 653 1559 706 1594; x_wconf 86' lang='lat' dir='ltr'>Sient</span> <span class='ocrx_word' id='word_1_246' title='bbox 717 1563 736 1592; x_wconf 90' lang='lat' dir='ltr'>et</span> <span class='ocrx_word' id='word_1_247' title='bbox 748 1559 797 1593; x_wconf 85' lang='lat' dir='ltr'>ratio</span> 
     </span>
    </p>
   </div>
   <div class='ocr_carea' id='block_1_4' title="bbox 43 1612 797 1699">
    <p class='ocr_par' dir='ltr' id='par_1_5' title="bbox 43 1612 797 1699">
     <span class='ocr_line' id='line_1_27' title="bbox 43 1612 797 1656; baseline 0.001 -11"><span class='ocrx_word' id='word_1_248' title='bbox 43 1612 113 1653; x_wconf 75' lang='lat' dir='ltr'>circuli,</span> <span class='ocrx_word' id='word_1_249' title='bbox 131 1615 150 1645; x_wconf 92' lang='lat' dir='ltr'>et</span> <span class='ocrx_word' id='word_1_250' title='bbox 165 1613 203 1646; x_wconf 87' lang='lat' dir='ltr'>duo</span> <span class='ocrx_word' id='word_1_251' title='bbox 217 1616 236 1646; x_wconf 89' lang='lat' dir='ltr'>et</span> <span class='ocrx_word' id='word_1_252' title='bbox 251 1613 288 1647; x_wconf 93' lang='lat' dir='ltr'>tria</span> <span class='ocrx_word' id='word_1_253' title='bbox 302 1623 345 1647; x_wconf 87' lang='lat' dir='ltr'>esse</span> <span class='ocrx_word' id='word_1_254' title='bbox 360 1614 451 1656; x_wconf 68' lang='lat' dir='ltr'>quinque,</span> <span class='ocrx_word' id='word_1_255' title='bbox 469 1615 540 1648; x_wconf 87' lang='lat' dir='ltr'>habent</span> <span class='ocrx_word' id='word_1_256' title='bbox 556 1614 689 1648; x_wconf 83' lang='lat' dir='ltr'>aeternitatem</span> <span class='ocrx_word' id='word_1_257' title='bbox 701 1614 721 1647; x_wconf 93' lang='lat' dir='ltr'>in</span> <span class='ocrx_word' id='word_1_258' title='bbox 733 1617 797 1647; x_wconf 87' lang='lat' dir='ltr'>mente</span> 
     </span>
     <span class='ocr_line' id='line_1_28' title="bbox 43 1665 114 1699; baseline 0.014 -1"><span class='ocrx_word' id='word_1_259' title='bbox 43 1665 114 1699; x_wconf 77' lang='lat' dir='ltr'>divina</span> 
     </span>
    </p>
   </div>
   <div class='ocr_carea' id='block_1_5' title="bbox 322 1775 518 1807">
    <p class='ocr_par' dir='ltr' id='par_1_6' title="bbox 322 1775 518 1807">
     <span class='ocr_line' id='line_1_29' title="bbox 322 1775 518 1807; baseline 0.005 -15"><span class='ocrx_word' id='word_1_260' title='bbox 322 1775 518 1807; x_wconf 49' lang='lat' dir='ltr'>’⁷‘&#39;⁴‘&#39;“²&lt;&gt;s⁷“‘-’*‘</span> 
     </span>
    </p>
   </div>
   <div class='ocr_carea' id='block_1_6' title="bbox 193 1911 646 2049">
    <p class='ocr_par' dir='ltr' id='par_1_7' title="bbox 193 1911 646 2049">
     <span class='ocr_line' id='line_1_30' title="bbox 193 1911 646 1958; baseline 0.002 -7"><span class='ocrx_word' id='word_1_261' title='bbox 193 1911 363 1957; x_wconf 78' lang='lat' dir='ltr'><strong>QUAESTIO</strong></span> <span class='ocrx_word' id='word_1_262' title='bbox 380 1911 646 1958; x_wconf 77' lang='lat' dir='ltr'><strong>DEOIMAQUINTA</strong></span> 
     </span>
     <span class='ocr_line' id='line_1_31' title="bbox 224 2012 618 2049; baseline 0.003 -3"><span class='ocrx_word' id='word_1_263' title='bbox 224 2013 258 2046; x_wconf 81' lang='lat' dir='ltr'>DE</span> <span class='ocrx_word' id='word_1_264' title='bbox 271 2012 435 2048; x_wconf 78' lang='lat' dir='ltr'>SYLLOGlSllO</span> <span class='ocrx_word' id='word_1_265' title='bbox 448 2014 618 2049; x_wconf 83' lang='lat' dir='ltr'><strong>SIMPLIGITER</strong></span> 
     </span>
    </p>
   </div>
   <div class='ocr_carea' id='block_1_7' title="bbox 307 2111 531 2132">
    <p class='ocr_par' dir='ltr' id='par_1_8' title="bbox 307 2111 531 2132">
     <span class='ocr_line' id='line_1_32' title="bbox 307 2111 531 2132; baseline 0.004 -1"><span class='ocrx_word' id='word_1_266' title='bbox 307 2111 324 2131; x_wconf 81' lang='grc'>111</span> <span class='ocrx_word' id='word_1_267' title='bbox 335 2111 365 2132; x_wconf 81' lang='lat' dir='ltr'>SEX</span> <span class='ocrx_word' id='word_1_268' title='bbox 376 2111 465 2132; x_wconf 75' lang='lat' dir='ltr'>ARTICULOS</span> <span class='ocrx_word' id='word_1_269' title='bbox 476 2111 531 2132; x_wconf 64' lang='lat' dir='ltr'>Bursa</span> 
     </span>
    </p>
   </div>
   <div class='ocr_carea' id='block_1_8' title="bbox 43 2167 798 2229">
    <p class='ocr_par' dir='ltr' id='par_1_9' title="bbox 43 2167 798 2235">
     <span class='ocr_line' id='line_1_33' title="bbox 43 2167 798 2229; baseline 0.005 -13"><span class='ocrx_word' id='word_1_270' title='bbox 43 2201 53 2218; x_wconf 59' lang='lat' dir='ltr'><em>s</em></span> <span class='ocrx_word' id='word_1_271' title='bbox 60 2167 90 2188; x_wconf 49' lang='lat' dir='ltr'><em>W</em></span> <span class='ocrx_word' id='word_1_272' title='bbox 98 2196 200 2218; x_wconf 77' lang='lat' dir='ltr'>orsinannns</span> <span class='ocrx_word' id='word_1_273' title='bbox 211 2186 247 2228; x_wconf 77' lang='lat' dir='ltr'>liis,</span> <span class='ocrx_word' id='word_1_274' title='bbox 260 2196 309 2229; x_wconf 88' lang='lat' dir='ltr'>quae</span> <span class='ocrx_word' id='word_1_275' title='bbox 320 2187 418 2229; x_wconf 87' lang='lat' dir='ltr'>pertinent</span> <span class='ocrx_word' id='word_1_276' title='bbox 426 2187 450 2220; x_wconf 91' lang='lat' dir='ltr'>ad</span> <span class='ocrx_word' id='word_1_277' title='bbox 459 2186 584 2220; x_wconf 81' lang='lat' dir='ltr'>directionem</span> <span class='ocrx_word' id='word_1_278' title='bbox 592 2187 667 2229; x_wconf 88' lang='lat' dir='ltr'>primae</span> <span class='ocrx_word' id='word_1_279' title='bbox 675 2190 694 2219; x_wconf 90' lang='lat' dir='ltr'>et</span> <span class='ocrx_word' id='word_1_280' title='bbox 702 2187 798 2220; x_wconf 79' lang='lat' dir='ltr'>secundae</span> 
     </span>
    </p>
   </div>
   <div class='ocr_carea' id='block_1_9' title="bbox 42 2229 800 2718">
    <p class='ocr_par' dir='ltr' id='par_1_10' title="bbox 57 2229 798 2284">
     <span class='ocr_line' id='line_1_34' title="bbox 57 2229 798 2284; baseline 0 -10"><span class='ocrx_word' id='word_1_281' title='bbox 57 2229 95 2280; x_wconf 37' lang='lat' dir='ltr'>fs*</span> <span class='ocrx_word' id='word_1_282' title='bbox 108 2240 232 2283; x_wconf 83' lang='lat' dir='ltr'>operationis,</span> <span class='ocrx_word' id='word_1_283' title='bbox 245 2242 389 2283; x_wconf 84' lang='lat' dir='ltr'>procedendum</span> <span class='ocrx_word' id='word_1_284' title='bbox 402 2244 432 2275; x_wconf 86' lang='lat' dir='ltr'>est</span> <span class='ocrx_word' id='word_1_285' title='bbox 444 2242 468 2275; x_wconf 87' lang='lat' dir='ltr'>ad</span> <span class='ocrx_word' id='word_1_286' title='bbox 481 2251 508 2284; x_wconf 67' lang='lat' dir='ltr'>ea</span> <span class='ocrx_word' id='word_1_287' title='bbox 525 2251 574 2283; x_wconf 85' lang='lat' dir='ltr'>qnae</span> <span class='ocrx_word' id='word_1_288' title='bbox 587 2243 674 2284; x_wconf 72' lang='lat' dir='ltr'>spectant</span> <span class='ocrx_word' id='word_1_289' title='bbox 686 2241 710 2274; x_wconf 90' lang='lat' dir='ltr'>ad</span> <span class='ocrx_word' id='word_1_290' title='bbox 722 2241 798 2274; x_wconf 78' lang='lat' dir='ltr'>directi-</span> 
     </span>
    </p>

    <p class='ocr_par' dir='ltr' id='par_1_11' title="bbox 42 2289 800 2718">
     <span class='ocr_line' id='line_1_35' title="bbox 64 2289 798 2338; baseline 0.001 -10"><span class='ocrx_word' id='word_1_291' title='bbox 64 2289 71 2295; x_wconf 61' lang='grc'><em>“</em></span> <span class='ocrx_word' id='word_1_292' title='bbox 109 2304 165 2329; x_wconf 89' lang='lat' dir='ltr'>onem</span> <span class='ocrx_word' id='word_1_293' title='bbox 177 2295 250 2329; x_wconf 86' lang='lat' dir='ltr'>tertiae.</span> <span class='ocrx_word' id='word_1_294' title='bbox 273 2296 322 2329; x_wconf 87' lang='lat' dir='ltr'>Nam</span> <span class='ocrx_word' id='word_1_295' title='bbox 335 2296 385 2330; x_wconf 86' lang='lat' dir='ltr'>sieut</span> <span class='ocrx_word' id='word_1_296' title='bbox 397 2296 460 2338; x_wconf 86' lang='lat' dir='ltr'>prima</span> <span class='ocrx_word' id='word_1_297' title='bbox 472 2295 574 2329; x_wconf 90' lang='lat' dir='ltr'>ordinatur</span> <span class='ocrx_word' id='word_1_298' title='bbox 589 2296 614 2329; x_wconf 88' lang='lat' dir='ltr'>ad</span> <span class='ocrx_word' id='word_1_299' title='bbox 627 2295 737 2335; x_wconf 77' lang='lat' dir='ltr'>secundam,</span> <span class='ocrx_word' id='word_1_300' title='bbox 753 2296 798 2337; x_wconf 83' lang='lat' dir='ltr'>quia</span> 
     </span>
     <span class='ocr_line' id='line_1_36' title="bbox 43 2349 797 2392; baseline 0 -10"><span class='ocrx_word' id='word_1_301' title='bbox 43 2358 81 2382; x_wconf 87' lang='lat' dir='ltr'>uon</span> <span class='ocrx_word' id='word_1_302' title='bbox 93 2352 159 2391; x_wconf 86' lang='lat' dir='ltr'>potest</span> <span class='ocrx_word' id='word_1_303' title='bbox 170 2359 213 2384; x_wconf 88' lang='lat' dir='ltr'>esse</span> <span class='ocrx_word' id='word_1_304' title='bbox 226 2350 339 2392; x_wconf 86' lang='lat' dir='ltr'>oompositio</span> <span class='ocrx_word' id='word_1_305' title='bbox 349 2352 368 2383; x_wconf 87' lang='lat' dir='ltr'>et</span> <span class='ocrx_word' id='word_1_306' title='bbox 376 2350 447 2383; x_wconf 84' lang='lat' dir='ltr'>divisio</span> <span class='ocrx_word' id='word_1_307' title='bbox 455 2350 493 2384; x_wconf 87' lang='lat' dir='ltr'>nisi</span> <span class='ocrx_word' id='word_1_308' title='bbox 502 2349 615 2392; x_wconf 80' lang='lat' dir='ltr'>simpliciter</span> <span class='ocrx_word' id='word_1_309' title='bbox 623 2350 797 2392; x_wconf 84' lang='lat' dir='ltr'>apprehensorum‚</span> 
     </span>
     <span class='ocr_line' id='line_1_37' title="bbox 42 2401 798 2447; baseline 0.001 -12"><span class='ocrx_word' id='word_1_310' title='bbox 42 2401 68 2436; x_wconf 89' lang='lat' dir='ltr'>ita</span> <span class='ocrx_word' id='word_1_311' title='bbox 81 2404 166 2437; x_wconf 80' lang='lat' dir='ltr'>secunda</span> <span class='ocrx_word' id='word_1_312' title='bbox 178 2404 279 2438; x_wconf 86' lang='lat' dir='ltr'>ordinatur</span> <span class='ocrx_word' id='word_1_313' title='bbox 291 2404 315 2438; x_wconf 90' lang='lat' dir='ltr'>ad</span> <span class='ocrx_word' id='word_1_314' title='bbox 327 2404 410 2446; x_wconf 85' lang='lat' dir='ltr'>tertiam,</span> <span class='ocrx_word' id='word_1_315' title='bbox 425 2403 470 2447; x_wconf 89' lang='lat' dir='ltr'>quia</span> <span class='ocrx_word' id='word_1_316' title='bbox 486 2403 575 2437; x_wconf 81' lang='lat' dir='ltr'>videlieet</span> <span class='ocrx_word' id='word_1_317' title='bbox 586 2405 668 2446; x_wconf 83' lang='lat' dir='ltr'>oportet,</span> <span class='ocrx_word' id='word_1_318' title='bbox 683 2404 736 2445; x_wconf 89' lang='lat' dir='ltr'>quod</span> <span class='ocrx_word' id='word_1_319' title='bbox 748 2403 798 2436; x_wconf 87' lang='lat' dir='ltr'>ratio</span> 
     </span>
     <span class='ocr_line' id='line_1_38' title="bbox 43 2456 798 2501; baseline 0.003 -13"><span class='ocrx_word' id='word_1_320' title='bbox 43 2465 78 2497; x_wconf 89' lang='lat' dir='ltr'>per</span> <span class='ocrx_word' id='word_1_321' title='bbox 89 2456 114 2498; x_wconf 85' lang='lat' dir='ltr'>id,</span> <span class='ocrx_word' id='word_1_322' title='bbox 126 2458 179 2499; x_wconf 86' lang='lat' dir='ltr'>quod</span> <span class='ocrx_word' id='word_1_323' title='bbox 191 2461 221 2491; x_wconf 90' lang='lat' dir='ltr'>est</span> <span class='ocrx_word' id='word_1_324' title='bbox 232 2461 306 2501; x_wconf 75' lang='lat' dir='ltr'>notum,</span> <span class='ocrx_word' id='word_1_325' title='bbox 319 2458 409 2492; x_wconf 83' lang='lat' dir='ltr'>deveniat</span> <span class='ocrx_word' id='word_1_326' title='bbox 420 2458 440 2491; x_wconf 88' lang='lat' dir='ltr'>in</span> <span class='ocrx_word' id='word_1_327' title='bbox 452 2457 581 2501; x_wconf 75' lang='lat' dir='ltr'>cognitionem</span> <span class='ocrx_word' id='word_1_328' title='bbox 589 2457 656 2500; x_wconf 63' lang='lat' dir='ltr'>ignoti7</span> <span class='ocrx_word' id='word_1_329' title='bbox 669 2457 798 2491; x_wconf 77' lang='lat' dir='ltr'>discurrendo</span> 
     </span>
     <span class='ocr_line' id='line_1_39' title="bbox 42 2509 799 2554; baseline 0.003 -12"><span class='ocrx_word' id='word_1_330' title='bbox 42 2509 136 2544; x_wconf 85' lang='lat' dir='ltr'>nimirum</span> <span class='ocrx_word' id='word_1_331' title='bbox 148 2512 172 2546; x_wconf 89' lang='lat' dir='ltr'>ab</span> <span class='ocrx_word' id='word_1_332' title='bbox 184 2522 223 2546; x_wconf 89' lang='lat' dir='ltr'>uno</span> <span class='ocrx_word' id='word_1_333' title='bbox 235 2512 255 2545; x_wconf 93' lang='lat' dir='ltr'>in</span> <span class='ocrx_word' id='word_1_334' title='bbox 267 2512 325 2554; x_wconf 86' lang='lat' dir='ltr'>aliud,</span> <span class='ocrx_word' id='word_1_335' title='bbox 339 2515 359 2546; x_wconf 86' lang='lat' dir='ltr'>et</span> <span class='ocrx_word' id='word_1_336' title='bbox 373 2512 399 2546; x_wconf 86' lang='lat' dir='ltr'>ita</span> <span class='ocrx_word' id='word_1_337' title='bbox 415 2511 513 2546; x_wconf 85' lang='lat' dir='ltr'>seientiam</span> <span class='ocrx_word' id='word_1_338' title='bbox 529 2511 621 2554; x_wconf 77' lang='lat' dir='ltr'>acquirat.</span> <span class='ocrx_word' id='word_1_339' title='bbox 645 2511 701 2549; x_wconf 82' lang='lat' dir='ltr'>Quod</span> <span class='ocrx_word' id='word_1_340' title='bbox 713 2514 743 2544; x_wconf 88' lang='lat' dir='ltr'>est</span> <span class='ocrx_word' id='word_1_341' title='bbox 754 2521 799 2553; x_wconf 87' lang='lat' dir='ltr'>pro-</span> 
     </span>
     <span class='ocr_line' id='line_1_40' title="bbox 43 2563 799 2610; baseline 0.003 -13"><span class='ocrx_word' id='word_1_342' title='bbox 43 2563 108 2606; x_wconf 88' lang='lat' dir='ltr'>prium</span> <span class='ocrx_word' id='word_1_343' title='bbox 116 2565 197 2600; x_wconf 88' lang='lat' dir='ltr'>rationis</span> <span class='ocrx_word' id='word_1_344' title='bbox 206 2569 225 2600; x_wconf 90' lang='lat' dir='ltr'>et</span> <span class='ocrx_word' id='word_1_345' title='bbox 232 2566 279 2600; x_wconf 80' lang='lat' dir='ltr'>linis</span> <span class='ocrx_word' id='word_1_346' title='bbox 286 2567 367 2610; x_wconf 78' lang='lat' dir='ltr'>Logieae</span> <span class='ocrx_word' id='word_1_347' title='bbox 376 2567 531 2609; x_wconf 83' lang='lat' dir='ltr'>praeolpunsque</span> <span class='ocrx_word' id='word_1_348' title='bbox 538 2565 619 2599; x_wconf 86' lang='lat' dir='ltr'>rationis</span> <span class='ocrx_word' id='word_1_349' title='bbox 625 2568 685 2599; x_wconf 83' lang='lat' dir='ltr'>aetus</span> <span class='ocrx_word' id='word_1_350' title='bbox 702 2565 799 2604; x_wconf 77' lang='lat' dir='ltr'>Quoniam</span> 
     </span>
     <span class='ocr_line' id='line_1_41' title="bbox 43 2619 800 2664; baseline 0.003 -13"><span class='ocrx_word' id='word_1_351' title='bbox 43 2629 90 2653; x_wconf 80' lang='lat' dir='ltr'>vero</span> <span class='ocrx_word' id='word_1_352' title='bbox 103 2619 182 2654; x_wconf 81' lang='lat' dir='ltr'>seientia</span> <span class='ocrx_word' id='word_1_353' title='bbox 194 2620 301 2663; x_wconf 81' lang='lat' dir='ltr'>aequiritur</span> <span class='ocrx_word' id='word_1_354' title='bbox 312 2631 347 2663; x_wconf 89' lang='lat' dir='ltr'>per</span> <span class='ocrx_word' id='word_1_355' title='bbox 361 2620 496 2664; x_wconf 84' lang='lat' dir='ltr'>syllogismum</span> <span class='ocrx_word' id='word_1_356' title='bbox 506 2619 687 2661; x_wconf 81' lang='lat' dir='ltr'>demonstrativum,</span> <span class='ocrx_word' id='word_1_357' title='bbox 700 2619 744 2653; x_wconf 88' lang='lat' dir='ltr'>ideo</span> <span class='ocrx_word' id='word_1_358' title='bbox 756 2629 800 2654; x_wconf 85' lang='lat' dir='ltr'>oon-</span> 
     </span>
     <span class='ocr_line' id='line_1_42' title="bbox 44 2673 798 2718; baseline 0.001 -12"><span class='ocrx_word' id='word_1_359' title='bbox 44 2673 169 2708; x_wconf 89' lang='lat' dir='ltr'>siderandum</span> <span class='ocrx_word' id='word_1_360' title='bbox 182 2677 212 2708; x_wconf 89' lang='lat' dir='ltr'>est</span> <span class='ocrx_word' id='word_1_361' title='bbox 224 2675 247 2708; x_wconf 90' lang='lat' dir='ltr'>de</span> <span class='ocrx_word' id='word_1_362' title='bbox 260 2675 374 2718; x_wconf 76' lang='lat' dir='ltr'>syllogismo</span> <span class='ocrx_word' id='word_1_363' title='bbox 387 2674 549 2715; x_wconf 84' lang='lat' dir='ltr'>demonstrativo3</span> <span class='ocrx_word' id='word_1_364' title='bbox 562 2676 581 2707; x_wconf 88' lang='lat' dir='ltr'>et</span> <span class='ocrx_word' id='word_1_365' title='bbox 592 2673 638 2716; x_wconf 81' lang='lat' dir='ltr'>quia</span> <span class='ocrx_word' id='word_1_366' title='bbox 646 2674 677 2707; x_wconf 86' lang='lat' dir='ltr'>hio</span> <span class='ocrx_word' id='word_1_367' title='bbox 686 2677 716 2708; x_wconf 90' lang='lat' dir='ltr'>est</span> <span class='ocrx_word' id='word_1_368' title='bbox 724 2674 798 2717; x_wconf 83' lang='lat' dir='ltr'>speeies</span> 
     </span>
    </p>
   </div>
   <div class='ocr_carea' id='block_1_10' title="bbox 0 0 931 3062">
    <p class='ocr_par' dir='ltr' id='par_1_12' title="bbox 0 0 931 3062">
     <span class='ocr_line' id='line_1_43' title="bbox 0 0 931 3062; baseline 0 0"><span class='ocrx_word' id='word_1_369' title='bbox 0 0 931 3062; x_wconf 95' lang='lat' dir='ltr'> </span> 
     </span>
    </p>
   </div>
  </div>
 </body>
</html>
