1846 3062
312 160 445 201 (remetior
468 160 607 193 narrentani
810 151 836 189 83

83 258 135 299 qnod
148 260 177 291 θεῖ
191 257 211 290 111
222 258 284 299 fluxu,
299 257 369 291 dicitur
383 260 454 298 motus,
468 257 480 290 i.
492 267 507 290 θ.
521 258 626 291 secundum
641 258 694 301 qnod
709 257 837 299 participatur

82 312 107 344 ab
119 320 174 353 aqua,
186 311 233 344 dum
245 311 308 344 calefit
312 322 316 351 ;
332 314 351 344 et
367 311 473 344 secundum
485 311 538 353 quod
550 311 661 345 denominat
672 312 738 354 ignem
753 311 837 344 calefaci-

83 367 151 405 entem,
167 364 237 397 dicitur
251 364 309 405 actio;
325 364 422 398 calefactio
434 367 499 397 autem
510 365 530 397 in
542 374 597 407 aqua,
612 375 661 407 quae
673 365 742 406 recipit
754 365 837 397 calorem

83 418 101 450 in
114 418 164 459 igne,
175 417 246 451 dicitur
257 418 328 459 passio.

149 471 240 505 Mensura
252 474 316 504 autem
329 471 429 513 quaedam
438 474 468 505 est
475 470 584 504 extrinseca
592 474 610 504 et
619 473 719 513 praecedam
727 471 837 505 intrinseca.

83 525 197 559 Intrinsecc
209 524 293 568 quidem,
306 525 355 559 sicut
367 524 447 568 propria
458 524 559 568 longitudo
568 524 720 568 uniuscuiusque
729 528 749 559 et·
755 525 837 559 latitudo

83 583 102 613 et
113 579 246 621 protundit-as3
259 581 283 613 ab
295 579 325 613 his
338 579 389 613 enim
401 579 538 613 denominatur
549 579 621 621 aliquid
634 579 683 613 sicut
695 581 719 613 ab
731 580 837 614 intrinseco

83 634 203 675 inhaerente3
216 634 267 667 unde
276 633 361 676 pertinet
368 633 393 666 ad
401 633 578 675 praedicamentum
587 633 706 675 quantitatis.
725 634 837 668 Exteriore?

83 691 148 722 antem
156 697 259 722 mensurae
268 691 313 722 eunt
321 690 398 730 tempus
408 689 427 721 et
434 687 494 721 locus.
514 687 624 721 Secundum
632 687 692 731 igitur
702 689 754 731 quod
764 688 837 731 aliquid

83 743 219 778 denominatur
237 753 247 777 a
262 745 354 786 tempore,
372 745 401 776 θεῖ
418 741 596 785 praedicamentum
614 743 702 786 qnando.
726 743 837 777 Secundum

83 802 147 833 antem
163 799 216 841 quod
228 798 364 832 denominatur
376 797 445 840 eloco,
461 800 491 831 est
505 797 682 840 praedicamentum
697 798 733 832 nbi
748 801 766 832 et
780 799 835 840 sinis,

83 855 136 897 qnod
148 853 201 887 addit
213 863 273 895 supra
284 853 321 887 abl
332 852 420 886 ordinem
432 852 516 895 partium
529 851 549 885 in
557 853 604 886 loco.
624 852 666 886 Hoc
675 856 740 886 autem
749 862 788 886 non
797 856 838 887 erat

83 908 214 942 necessarium
227 907 272 941 addi
284 917 308 941 ex
320 910 374 950 parte
387 907 486 949 temporis,
501 916 545 940 enin
560 907 609 941 ordo
620 907 706 949 partium
718 907 738 940 in
750 910 838 950 tempore

83 962 192 996 iuratione
207 961 301 1004 temporis
315 962 441 1004 importetur3
460 965 490 995 est
504 960 555 994 enim
571 963 648 1003 tempus
663 971 758 995 acclamans·
772 964 837 996 arrolas

83 1017 192 1051 scoriadam
201 1016 261 1059 prins
274 1018 292 1050 et
301 1016 408 1058 posterius.
429 1015 460 1049 Sic
468 1016 528 1058 igitur
538 1015 611 1058 aliquid
620 1015 691 1049 dicitnr
703 1025 746 1049 esse
755 1017 837 1058 qnando

83 1071 161 1105 relabi
172 1080 208 1113 per
220 1069 395 1104 denominationem
407 1079 418 1103 a
430 1072 517 1112 ternpore
529 1070 560 1104 vel
572 1079 583 1103 a
594 1069 641 1104 loco.

147 1126 174 1158 Ao
186 1135 247 1157 ramur
256 1135 298 1157 rucio
307 1135 386 1157 oicaunuu
395 1125 447 1167 qnod
455 1124 509 1164 actio,
521 1123 564 1158 licet
572 1123 592 1157 in
601 1127 695 1167 quantum
705 1128 734 1158 est
743 1125 837 1166 accidens,

84 1180 108 1213 sit
120 1179 140 1213 in
148 1182 216 1222 agente
226 1182 324 1222 tamquam
336 1178 356 1212 in
368 1178 459 1220 subiecto,
471 1178 491 1212 in
503 1181 598 1221 quantum
610 1181 675 1212 tamen
687 1181 716 1212 est
728 1179 782 1221 actio,
794 1189 838 1213 con·

84 1234 181 1268 sideratnr
196 1236 217 1268 ut
231 1236 261 1267 est
276 1234 302 1268 ab
314 1236 390 1276 seperate.
414 1234 463 1267 Nam
477 1233 527 1266 ratio
541 1233 593 1266 illius
608 1242 647 1266 non
662 1233 763 1275 perficitur
778 1236 838 1276 prout

83 1288 144 1322 estin
157 1287 248 1329 subiecto,
264 1288 298 1321 sed
314 1291 373 1330 prout
388 1291 418 1321 est
433 1287 479 1330 quid
495 1288 519 1321 ab
534 1286 571 1320 alio
582 1287 602 1319 111
614 1287 666 1320 alind
678 1287 792 1329 procedens,
810 1297 838 1321 εθ-

83 1342 168 1376 cundum
180 1344 255 1375 motum
270 1344 289 1375 et
300 1341 411 1375 terminum.
434 1341 489 1375 Unde
504 1341 528 1374 ad
544 1340 638 1374 actionem
653 1341 694 1374 clno
709 1344 836 1375 concurrunt:

83 1405 146 1429 carnin
155 1398 254 1437 tamquam
262 1395 349 1437 formale,
362 1396 449 1429 alternam
457 1397 556 1438 tamqnam
565 1395 663 1428 materiale
674 1397 693 1428 et
702 1397 837 1429 connotatum:

82 1449 130 1482 illud
142 1451 172 1482 est
183 1449 277 1482 habitudo
289 1449 364 1491 agentis
380 1449 404 1482 ad
420 1458 507 1491 passum,
522 1449 558 1482 hoc
573 1458 620 1482 vero
637 1451 667 1482 est
681 1451 746 1482 motus
761 1452 780 1482 et
795 1459 838 1482 con·

84 1505 187 1544 sequenter
199 1502 285 1544 effectos,
298 1512 356 1545 quem
367 1502 422 1544 ponit
434 1502 482 1536 actio
494 1502 514 1535 in
526 1511 591 1544 passo.

148 1557 175 1589 Α11
182 1566 264 1588 scamnum
272 1566 352 1588 morrona
363 1556 421 1599 qnod,
430 1556 474 1589 licet
481 1555 552 1599 passio,
564 1556 584 1589 in
596 1559 691 1598 quantum
703 1559 732 1589 est
744 1557 838 1597 accidens,

83 1612 159 1643 maneat
170 1609 190 1642 in
202 1619 261 1651 passo
273 1613 372 1652 tamqnam
383 1609 403 1642 in
417 1609 508 1650 subiecto,
523 1610 565 1643 eius
577 1613 641 1642 tamen
653 1610 702 1642 ratio
715 1610 837 1652 significatur

83 1666 102 1696 et
113 1663 220 1696 attenditur
231 1673 267 1705 per
278 1663 367 1696 ordinem
379 1664 403 1696 ad
415 1673 481 1705 agens,
493 1663 546 1704 quod
558 1666 587 1696 est
599 1662 730 1696 extrinsecum
742 1673 807 1705 passo.

148 1717 174 1749 An
186 1726 256 1747 rinnon
268 1726 347 1748 nrccrnuu
359 1717 412 1758 quod
424 1717 444 1749 in
455 1716 597 1749 mutationibus
607 1716 730 1749 naturalibus
739 1716 838 1750 invenitur

83 1769 163 1811 quidem
176 1770 248 1811 aliqua
260 1769 346 1811 mutatio,
363 1770 469 1803 secundum
484 1779 543 1811 quam
556 1769 643 1802 variatur
654 1769 707 1811 illud,
723 1770 776 1812 quod
787 1769 838 1803 inest

83 1823 111 1855 rei
123 1822 269 1863 accidentaliter,
285 1832 310 1855 sc.
322 1822 420 1864 quantitas
435 1823 466 1856 vel
482 1822 570 1864 qualitas,
585 1825 607 1855 nt
622 1825 675 1864 patet
688 1822 709 1855 in
724 1826 779 1856 motu
793 1833 839 1865 aug·

83 1875 143 1909 menti
158 1877 176 1909 et
191 1875 314 1917 alterationis,
332 1879 351 1908 et
367 1875 466 1909 invenitur
484 1876 556 1918 aliqud
573 1876 660 1916 mutatio,
678 1885 727 1918 quae
745 1876 839 1918 pertingit

83 1939 145 1972 nsque
154 1929 178 1963 ad
187 1929 271 1963 formam
281 1929 433 1966 substantialem.
445 1932 467 1962 ut
476 1929 574 1971 generatio
583 1931 602 1962 et
610 1929 714 1971 corruptio.
734 1929 838 1964 Invenitur

84 1987 149 2016 autem
162 1983 218 2016 etiam
232 1983 304 2025 aliquo
316 1983 402 2024 mutatio,
417 1983 488 2024 inqua
502 1983 550 2016 nihil
563 1983 651 2016 variatur
666 1983 689 2016 de
702 1993 729 2025 ec,
744 1984 797 2026 quod
809 1987 839 2018 θεῖ

82 2037 209 2071 intrinsecum
221 2036 254 2079 rei,
267 2037 301 2071 sed
314 2037 377 2071 solum
389 2037 430 2078 hoc,
443 2037 495 2080 quod
507 2039 537 2071 est
549 2038 609 2079 extra,
624 2039 671 2079 puta
682 2037 742 2071 locus.
766 2038 791 2072 Et
802 2039 839 2072 hoc

83 2092 177 2136 contingit
188 2092 208 2126 in
220 2094 275 2126 motu
286 2091 346 2126 locali.

148 2148 174 2181 111]
183 2157 258 2186 qnmrrni
267 2157 347 2179 nictantur
358 2147 411 2190 quod
421 2147 531 2190 [tripliciter
538 2146 609 2181 dicitur
618 2149 701 2190 tempus.
724 2147 766 2181 Uno
774 2147 838 2189 modo,

83 2203 136 2245 qnod
148 2204 178 2236 est
189 2211 283 2236 numerus
297 2201 370 2244 prioris
385 2205 404 2236 et
418 2201 532 2244 posterioris
547 2201 567 2236 in
583 2204 638 2236 motu
651 2201 707 2243 coeli;
725 2204 743 2235 et
758 2202 795 2235 hoc
809 2204 839 2235 est

83 2267 176 2291 mensura
187 2257 295 2290 extrinseca
307 2256 400 2299 onmium,
417 2265 466 2299 (quae
478 2256 550 2290 habent
562 2255 650 2289 ordinem
663 2257 687 2290 ad
699 2259 774 2290 motum
787 2256 838 2289 coeli.

84 2311 109 2344 Et
123 2311 160 2345 hoe
174 2311 232 2345 modo
248 2311 340 2353 accipitur
353 2321 363 2344 a
375 2310 496 2353 philosophis
513 2313 531 2344 et
546 2310 646 2344 constituit
660 2310 838 2353 praedicamentum

83 2366 171 2407 qnando.
190 2365 238 2399 Alio
250 2366 309 2399 modo
322 2365 405 2399 sumitur
414 2375 451 2408 pro
459 2365 560 2399 duratione
569 2364 672 2398 cuiuslibet
683 2367 754 2398 motus.
775 2365 799 2398 Et
812 2364 839 2397 sic

84 2422 184 2462 sumptum
196 2422 226 2453 θεῖ
238 2419 257 2453 111
269 2419 336 2453 mobili
349 2419 407 2453 simul
419 2429 462 2453 cum
474 2422 534 2453 motu.
