1846 3062
362 108 468 150 QUAESTIO
480 109 502 140 XI
524 108 646 141 ARTIGULUS
657 108 680 139 Ill

408 268 531 302 ARTICULUS
542 268 634 301 TERTIUS

356 367 420 396 UTRUhl
434 366 507 395 saueius
520 365 581 394 MOTUS
595 365 637 394 smr
651 366 686 394 SEX

174 465 184 485 1
196 463 266 485 rennuit
277 464 301 485 sn:
312 462 417 485 1111111111.
436 452 517 486 Videtur
527 451 579 494 quod
592 451 665 493 species
677 454 742 484 motus
755 460 794 484 non
807 450 846 484 sint
858 461 898 485 sex.

186 508 258 540 Probat
273 507 324 540 enim
340 506 471 548 Philosophus
486 508 496 539 5
511 505 570 547 Phys.
586 515 601 538 o.
616 506 631 546 2,
649 505 702 547 quod
719 514 782 547 neque
799 504 899 547 generatio

144 570 206 603 neque
219 560 317 602 corruptio
328 562 358 593 θεῖ
369 562 440 593 motus.
464 559 517 602 Ergo
530 559 603 601 species
615 562 680 592 motus
693 568 732 592 non
747 561 793 592 suut
808 568 848 599 sex,
864 558 898 591 sed

145 618 233 657 quatuor.

211 689 244 723 Ser
257 699 319 721 comm
330 700 359 721 rsr
370 689 423 731 quod
433 688 564 731 Philosophus
576 688 596 721 11
605 689 730 722 Proeolc'com.
742 698 757 721 o.
766 690 787 721 14
798 691 899 721 enumerat

146 753 180 777 sex
192 743 265 785 species
278 745 349 776 motus.

211 819 309 852 Rrsrorneo
321 829 401 850 mnemon
413 818 466 861 quod
479 828 513 852 sex
522 820 568 851 sunt
578 817 651 859 speeies
660 820 730 858 motus,
742 817 833 849 nimirum
843 827 899 859 gene-

144 873 199 914 ratio,
214 872 318 915 corruptio,
333 872 426 914 alteratio,
441 875 573 915 augmentum,
589 872 733 906 decrementum
745 873 764 904 θῖ
775 870 826 904 latio.
849 871 898 905 Nam

144 929 214 968 motus,
221 927 258 960 late
266 929 344 969 sumpto
351 927 444 960 vocabulo
451 929 522 969 motus,
528 929 558 960 est
563 925 649 959 mutat-io
661 925 749 959 Mutatio
755 927 820 958 autem
826 925 897 968 triplex

145 984 220 1016 tantum
235 985 269 1024 est,
285 984 307 1016 ut
319 981 389 1015 dicitur
401 984 411 1016 5
423 982 481 1025 Phys.
494 992 508 1016 c.
520 984 539 1015 ⁴2:
554 992 578 1016 ex
591 982 676 1016 subiecto
688 982 708 1015 in
721 982 834 1021 subiectum,
850 980 899 1013 sicut

145 1046 189 1070 cnm
204 1036 277 1079 aliquid
289 1039 375 1070 mutatur
390 1037 414 1070 de
429 1037 472 1070 albo
487 1036 506 1070 in
521 1037 609 1079 nigrum3
624 1046 649 1070 ex
664 1036 749 1070 subiecto
764 1035 784 1069 in
800 1044 839 1069 uon
855 1035 899 1068 sub-

144 1090 220 1132 iectnm,
236 1091 286 1124 sicut
299 1100 343 1124 cum
358 1090 430 1133 aliquid
445 1093 532 1124 nmtatur
547 1092 571 1124 de
585 1100 628 1124 esse
642 1090 662 1124 in
674 1100 713 1124 non
726 1100 778 1132 esse,
793 1093 812 1124 θῖ
824 1099 848 1123 ex
859 1098 898 1123 non

146 1145 232 1179 subiecto
244 1145 264 1178 111
277 1145 390 1186 subiectum,
402 1145 452 1179 sicut
461 1155 504 1179 oum
514 1145 585 1188 aliquid
595 1148 682 1179 mutatur
691 1145 761 1179 deuon
770 1154 813 1178 esse
821 1145 841 1177 11
850 1153 898 1177 esse.

146 1199 201 1233 Unde
216 1208 250 1232 sex
265 1201 340 1232 tautum
356 1202 413 1233 erunt
429 1199 502 1241 species
517 1199 630 1233 mutationis
642 1201 661 1233 et
673 1202 813 1242 consequenter
828 1201 899 1231 motus.

145 1253 194 1286 Nam
206 1252 292 1294 mutatio,
305 1263 354 1294 quae
366 1255 431 1286 estex
443 1262 482 1286 non
495 1253 581 1287 subiecto
592 1253 612 1286 in
625 1254 738 1295 subiectum,
751 1256 781 1287 est
788 1252 898 1296 percerotio.

146 1306 198 1344 Quae
207 1316 254 1340 rere
262 1316 286 1340 ex
295 1307 381 1341 subiecto
389 1306 409 1340 in
417 1316 456 1341 non
465 1307 579 1349 subiectum,
591 1311 621 1341 θεῖ
629 1307 738 1350 corruptio.
759 1307 811 1346 Quae
820 1307 899 1341 demum

145 1370 169 1393 ex
181 1360 267 1394 subiecto
283 1361 303 1394 in
319 1360 432 1402 subiectum,
450 1363 479 1394 est
494 1361 626 1404 quadruplex:
645 1362 745 1404 alteratio,
765 1371 814 1404 qnae
829 1363 859 1395 est
874 1361 899 1394 ad

145 1414 266 1456 qualitatem,
285 1417 420 1457 augimentum,
439 1415 492 1458 quod
508 1418 538 1448 θεῖ
555 1417 579 1449 ab
596 1415 709 1458 imperfecta
726 1415 860 1458 magnitudine
874 1415 899 1448 ad

145 1468 255 1511 perfectam,
273 1472 292 1502 θῖ
307 1469 457 1511 decrementum,
476 1469 529 1511 qnod
544 1473 573 1503 est
588 1480 599 1503 a
614 1470 699 1513 periente
717 1470 741 1502 ad
756 1469 898 1511 imperfectanu

146 1525 164 1555 et
177 1523 232 1565 latio,
246 1532 295 1566 quae
307 1526 337 1557 θεῖ
349 1523 373 1556 ad
384 1523 453 1556 locum.

210 1598 236 1631 An
252 1607 361 1630 1111111111
374 1608 417 1630 rano
431 1609 511 1630 urrunnun
526 1599 578 1641 qnod
593 1599 723 1641 Philosophus
738 1599 757 1632 in
773 1599 899 1633 Praedicare.

146 1651 218 1694 accepit
224 1661 295 1685 nomen
301 1655 372 1694 motus,
381 1652 488 1686 secundum
495 1653 547 1695 quod
555 1655 585 1686 est
591 1662 693 1686 commune
700 1653 790 1687 onmibus
798 1653 899 1695 speciebus

146 1705 263 1739 mutationis.
284 1705 321 1739 Sed
334 1705 410 1748 5Pleps.
422 1706 495 1749 aceepit
506 1716 577 1741 nomen
589 1710 653 1740 motus
665 1708 728 1750 niagis
740 1708 808 1741 stricte
819 1716 856 1749 pro
867 1706 900 1740 illa

148 1758 210 1800 specie
222 1760 340 1801 mutationis,
353 1770 401 1803 quae
414 1762 480 1794 estex
492 1761 578 1794 subiecto
590 1761 610 1794 in
623 1761 736 1795 subiectum.

458 1880 569 1887 ,mm-1,
572 1881 587 1887 *fl

404 1975 526 2008 ARTICULUS
538 1975 639 2015 QUARTUS

161 2073 222 2101 urhun
237 2072 330 2101 aceruum
344 2074 368 2101 ou
382 2074 584 2103 rosrratemomreuro
598 2074 674 2102 HABERE
688 2074 716 2102 Sir
729 2074 788 2102 hecra
802 2075 882 2102 mamm

175 2169 184 2190 1
197 2168 272 2197 1111111111
287 2168 310 2190 nc
325 2168 430 2191 monnmmn.
453 2159 534 2198 Videtur
549 2159 601 2202 quod
616 2159 704 2192 doctrina
718 2160 742 2192 de
757 2159 900 2201 postpraedica-

146 2170 172 2240 Α
186 2215 251 2245 mento
263 2212 335 2246 habere
346 2222 385 2246 non
398 2213 486 2246 sitrecte
498 2213 574 2246 tradita.
595 2213 643 2246 Nam
657 2212 706 2246 sicut
714 2212 786 2246 dictum
795 2216 825 2247 est
834 2223 900 2256 supra,

145 2266 216 2300 habere
228 2269 258 2299 est
270 2266 366 2307 peculiare
377 2267 556 2308 praedicamentum
568 2266 681 2300 distinctum
693 2267 717 2300 ab
730 2266 778 2299 aliis.
798 2266 836 2300 Sed
848 2270 900 2309 post·

144 2319 322 2361 praedicamentum
340 2323 374 2361 est,
395 2321 447 2362 quod
465 2320 555 2355 convenit
572 2320 639 2353 multis
656 2319 822 2362 praedicamentis.
847 2321 900 2363 Ergo

144 2373 216 2407 habere
228 2383 266 2406 non
279 2376 309 2406 θεῖ
320 2374 548 2416 postpraedicamentum,
748 2385 750 2387 ’

210 2448 244 2482 Sur>
261 2459 323 2481 corma
339 2459 367 2480 rer
381 2449 486 2483 auctoritas
498 2449 612 2491 Philosophi
627 2450 647 2482 in
659 2450 784 2483 Praedicare.
800 2450 900 2484 1111111110

144 2502 244 2536 tractantis
257 2502 280 2536 de
293 2503 364 2536 habere
375 2502 456 2545 eiusque
468 2503 537 2537 modis.

210 2578 308 2611 Rarior-neo
317 2589 396 2610 11111111
403 2579 455 2621 quod
463 2579 535 2613 habere
545 2579 582 2613 dici
590 2581 654 2622 potest
662 2582 752 2622 respectu
761 2580 900 2623 cuiuscumque

145 2632 197 2673 quod
209 2632 297 2666 hahetur.
318 2633 349 2667 Sic
357 2636 421 2667 autem
433 2636 534 2676 sumptum
546 2633 618 2667 habere
629 2636 659 2666 est
671 2634 810 2668 collactaneae
822 2634 900 2667 diversa
