<?xml version="1.0" encoding="UTF-8"?>
<!DOCTYPE html PUBLIC "-//W3C//DTD XHTML 1.0 Transitional//EN"
    "http://www.w3.org/TR/xhtml1/DTD/xhtml1-transitional.dtd">
<html xmlns="http://www.w3.org/1999/xhtml" xml:lang="en" lang="en">
 <head>
  <title>
</title>
<meta http-equiv="Content-Type" content="text/html;charset=utf-8" />
  <meta name='ocr-system' content='tesseract 3.04.00' />
  <meta name='ocr-capabilities' content='ocr_page ocr_carea ocr_par ocr_line ocrx_word'/>
</head>
<body>
  <div class='ocr_page' id='page_1' title='image "MN41855ucmf_7_0263.png"; bbox 0 0 1846 3062; ppageno 0'>
   <div class='ocr_carea' id='block_1_1' title="bbox 246 191 594 232">
    <p class='ocr_par' dir='ltr' id='par_1_1' title="bbox 246 191 594 232">
     <span class='ocr_line' id='line_1_1' title="bbox 246 191 594 232; baseline 0.006 -8"><span class='ocrx_word' id='word_1_1' title='bbox 246 191 353 232; x_wconf 83' lang='lat' dir='ltr'><strong>QUAESTIO</strong></span> <span class='ocrx_word' id='word_1_2' title='bbox 365 192 432 225; x_wconf 81' lang='lat' dir='ltr'>llXVlll</span> <span class='ocrx_word' id='word_1_3' title='bbox 454 193 575 226; x_wconf 71' lang='lat' dir='ltr'>laricanus</span> <span class='ocrx_word' id='word_1_4' title='bbox 587 194 594 225; x_wconf 96' lang='lat' dir='ltr'>l</span> 
     </span>
    </p>
   </div>
   <div class='ocr_carea' id='block_1_2' title="bbox 173 436 669 482">
    <p class='ocr_par' dir='ltr' id='par_1_2' title="bbox 173 436 669 482">
     <span class='ocr_line' id='line_1_2' title="bbox 173 436 669 482; baseline 0.006 -6"><span class='ocrx_word' id='word_1_5' title='bbox 173 436 343 482; x_wconf 75' lang='lat' dir='ltr'>anansrlo</span> <span class='ocrx_word' id='word_1_6' title='bbox 361 436 669 479; x_wconf 79' lang='lat' dir='ltr'>VIGESIMAOG&#39;PAVA</span> 
     </span>
    </p>
   </div>
   <div class='ocr_carea' id='block_1_3' title="bbox 89 548 754 692">
    <p class='ocr_par' dir='ltr' id='par_1_3' title="bbox 89 548 754 692">
     <span class='ocr_line' id='line_1_3' title="bbox 154 548 692 585; baseline 0.006 -3"><span class='ocrx_word' id='word_1_7' title='bbox 154 549 188 583; x_wconf 85' lang='lat' dir='ltr'>DE</span> <span class='ocrx_word' id='word_1_8' title='bbox 201 548 335 583; x_wconf 83' lang='lat' dir='ltr'>DIVISIONE</span> <span class='ocrx_word' id='word_1_9' title='bbox 349 549 486 584; x_wconf 80' lang='lat' dir='ltr'><strong>SCIENTIAE</strong></span> <span class='ocrx_word' id='word_1_10' title='bbox 499 551 692 585; x_wconf 77' lang='lat' dir='ltr'>SPECULATIVAE</span> 
     </span>
     <span class='ocr_line' id='line_1_4' title="bbox 89 602 754 645; baseline 0.002 -9"><span class='ocrx_word' id='word_1_11' title='bbox 89 603 118 637; x_wconf 87' lang='lat' dir='ltr'>IN</span> <span class='ocrx_word' id='word_1_12' title='bbox 130 602 490 645; x_wconf 74' lang='lat' dir='ltr'>PHYSIOAM,MATHEMAT10AM</span> <span class='ocrx_word' id='word_1_13' title='bbox 503 605 536 638; x_wconf 82' lang='grc' dir='ltr'>ΕΤ</span> <span class='ocrx_word' id='word_1_14' title='bbox 548 604 754 638; x_wconf 77' lang='lat' dir='ltr'>hlETAPHYSICAhl</span> 
     </span>
     <span class='ocr_line' id='line_1_5' title="bbox 150 656 692 692; baseline 0.004 -2"><span class='ocrx_word' id='word_1_15' title='bbox 150 657 183 690; x_wconf 85' lang='lat' dir='ltr'>ET</span> <span class='ocrx_word' id='word_1_16' title='bbox 195 656 340 691; x_wconf 79' lang='lat' dir='ltr'>PRACTIOAE</span> <span class='ocrx_word' id='word_1_17' title='bbox 348 657 380 691; x_wconf 65' lang='grc' dir='ltr'>4ΙΝ</span> <span class='ocrx_word' id='word_1_18' title='bbox 392 658 521 692; x_wconf 65' lang='lat' dir='ltr'>haurirent</span> <span class='ocrx_word' id='word_1_19' title='bbox 535 659 568 692; x_wconf 87' lang='grc' dir='ltr'>ΕΤ</span> <span class='ocrx_word' id='word_1_20' title='bbox 579 658 692 692; x_wconf 81' lang='lat' dir='ltr'>AGTIVAhl</span> 
     </span>
    </p>
   </div>
   <div class='ocr_carea' id='block_1_4' title="bbox 289 764 553 789">
    <p class='ocr_par' dir='ltr' id='par_1_4' title="bbox 289 764 553 789">
     <span class='ocr_line' id='line_1_6' title="bbox 289 764 553 789; baseline 0.011 -5"><span class='ocrx_word' id='word_1_21' title='bbox 289 765 305 785; x_wconf 80' lang='lat' dir='ltr'>IN</span> <span class='ocrx_word' id='word_1_22' title='bbox 317 764 388 789; x_wconf 74' lang='lat' dir='ltr'><strong>QUINQUE</strong></span> <span class='ocrx_word' id='word_1_23' title='bbox 400 765 487 787; x_wconf 79' lang='lat' dir='ltr'>ARTIGULOS</span> <span class='ocrx_word' id='word_1_24' title='bbox 498 766 553 787; x_wconf 77' lang='lat' dir='ltr'>Divisa</span> 
     </span>
    </p>
   </div>
   <div class='ocr_carea' id='block_1_5' title="bbox 111 905 798 1378">
    <p class='ocr_par' dir='ltr' id='par_1_5' title="bbox 111 905 798 1378">
     <span class='ocr_line' id='line_1_7' title="bbox 111 905 798 948; baseline 0 -9"><span class='ocrx_word' id='word_1_25' title='bbox 111 905 220 947; x_wconf 79' lang='lat' dir='ltr'>Physicam,</span> <span class='ocrx_word' id='word_1_26' title='bbox 232 905 387 939; x_wconf 82' lang='lat' dir='ltr'>Mathematicam</span> <span class='ocrx_word' id='word_1_27' title='bbox 395 908 414 939; x_wconf 87' lang='lat' dir='ltr'>et</span> <span class='ocrx_word' id='word_1_28' title='bbox 422 906 580 948; x_wconf 72' lang='lat' dir='ltr'>hletaphysicam</span> <span class='ocrx_word' id='word_1_29' title='bbox 592 909 611 939; x_wconf 88' lang='lat' dir='ltr'>et</span> <span class='ocrx_word' id='word_1_30' title='bbox 622 906 717 947; x_wconf 76' lang='lat' dir='ltr'>practicae</span> <span class='ocrx_word' id='word_1_31' title='bbox 729 906 749 939; x_wconf 91' lang='lat' dir='ltr'>in</span> <span class='ocrx_word' id='word_1_32' title='bbox 760 906 798 939; x_wconf 84' lang='lat' dir='ltr'>iac-</span> 
     </span>
     <span class='ocr_line' id='line_1_8' title="bbox 111 959 301 993; baseline 0.005 -2"><span class='ocrx_word' id='word_1_33' title='bbox 111 959 171 993; x_wconf 86' lang='lat' dir='ltr'>tivam</span> <span class='ocrx_word' id='word_1_34' title='bbox 183 962 202 992; x_wconf 92' lang='lat' dir='ltr'>et</span> <span class='ocrx_word' id='word_1_35' title='bbox 213 959 301 992; x_wconf 85' lang='lat' dir='ltr'>activam.</span> 
     </span>
     <span class='ocr_line' id='line_1_9' title="bbox 123 1012 478 1055; baseline -0.003 -9"><span class='ocrx_word' id='word_1_36' title='bbox 123 1012 178 1047; x_wconf 79' lang='lat' dir='ltr'>circa</span> <span class='ocrx_word' id='word_1_37' title='bbox 190 1013 243 1055; x_wconf 82' lang='lat' dir='ltr'>quod</span> <span class='ocrx_word' id='word_1_38' title='bbox 255 1016 376 1055; x_wconf 84' lang='lat' dir='ltr'>quaeruntur</span> <span class='ocrx_word' id='word_1_39' title='bbox 387 1013 478 1055; x_wconf 87' lang='lat' dir='ltr'>quinque.</span> 
     </span>
     <span class='ocr_line' id='line_1_10' title="bbox 143 1065 612 1108; baseline 0 -9"><span class='ocrx_word' id='word_1_40' title='bbox 143 1066 219 1099; x_wconf 88' lang='lat' dir='ltr'>Primo:</span> <span class='ocrx_word' id='word_1_41' title='bbox 232 1067 255 1099; x_wconf 85' lang='lat' dir='ltr'>de</span> <span class='ocrx_word' id='word_1_42' title='bbox 268 1066 363 1100; x_wconf 88' lang='lat' dir='ltr'>divisione</span> <span class='ocrx_word' id='word_1_43' title='bbox 376 1065 465 1099; x_wconf 75' lang='lat' dir='ltr'>scientiae</span> <span class='ocrx_word' id='word_1_44' title='bbox 478 1066 612 1108; x_wconf 85' lang='lat' dir='ltr'>speculativae.</span> 
     </span>
     <span class='ocr_line' id='line_1_11' title="bbox 143 1118 798 1161; baseline 0 -9"><span class='ocrx_word' id='word_1_45' title='bbox 143 1119 241 1153; x_wconf 86' lang='lat' dir='ltr'>Secundo:</span> <span class='ocrx_word' id='word_1_46' title='bbox 250 1120 273 1152; x_wconf 85' lang='lat' dir='ltr'>de</span> <span class='ocrx_word' id='word_1_47' title='bbox 280 1118 402 1153; x_wconf 86' lang='lat' dir='ltr'>distinctione</span> <span class='ocrx_word' id='word_1_48' title='bbox 410 1119 533 1153; x_wconf 76' lang='lat' dir='ltr'>scientiarum</span> <span class='ocrx_word' id='word_1_49' title='bbox 542 1120 705 1161; x_wconf 70' lang='lat' dir='ltr'>speculativarum</span> <span class='ocrx_word' id='word_1_50' title='bbox 712 1129 736 1152; x_wconf 81' lang='lat' dir='ltr'>ex</span> <span class='ocrx_word' id='word_1_51' title='bbox 742 1119 798 1153; x_wconf 88' lang='lat' dir='ltr'>varia</span> 
     </span>
     <span class='ocr_line' id='line_1_12' title="bbox 176 1173 311 1207; baseline 0 -1"><span class='ocrx_word' id='word_1_52' title='bbox 176 1173 311 1207; x_wconf 74' lang='lat' dir='ltr'>abstractione.</span> 
     </span>
     <span class='ocr_line' id='line_1_13' title="bbox 144 1226 797 1270; baseline 0.002 -10"><span class='ocrx_word' id='word_1_53' title='bbox 144 1226 217 1261; x_wconf 87' lang='lat' dir='ltr'>Tertio:</span> <span class='ocrx_word' id='word_1_54' title='bbox 226 1230 293 1261; x_wconf 87' lang='lat' dir='ltr'>utrum</span> <span class='ocrx_word' id='word_1_55' title='bbox 298 1226 430 1270; x_wconf 77' lang='lat' dir='ltr'>hletaphysica</span> <span class='ocrx_word' id='word_1_56' title='bbox 437 1227 461 1261; x_wconf 91' lang='lat' dir='ltr'>sit</span> <span class='ocrx_word' id='word_1_57' title='bbox 468 1227 538 1261; x_wconf 83' lang='lat' dir='ltr'>certior</span> <span class='ocrx_word' id='word_1_58' title='bbox 544 1227 627 1270; x_wconf 77' lang='lat' dir='ltr'>Physica</span> <span class='ocrx_word' id='word_1_59' title='bbox 634 1230 652 1262; x_wconf 91' lang='lat' dir='ltr'>et</span> <span class='ocrx_word' id='word_1_60' title='bbox 658 1227 797 1261; x_wconf 80' lang='lat' dir='ltr'>hlatlrematica.</span> 
     </span>
     <span class='ocr_line' id='line_1_14' title="bbox 144 1281 538 1323; baseline 0.003 -9"><span class='ocrx_word' id='word_1_61' title='bbox 144 1281 226 1320; x_wconf 84' lang='lat' dir='ltr'>Quarto:</span> <span class='ocrx_word' id='word_1_62' title='bbox 239 1281 262 1315; x_wconf 91' lang='lat' dir='ltr'>de</span> <span class='ocrx_word' id='word_1_63' title='bbox 275 1281 378 1315; x_wconf 79' lang='lat' dir='ltr'>eminentia</span> <span class='ocrx_word' id='word_1_64' title='bbox 390 1281 538 1323; x_wconf 83' lang='lat' dir='ltr'>hletaphysicae.</span> 
     </span>
     <span class='ocr_line' id='line_1_15' title="bbox 144 1332 582 1378; baseline 0 -10"><span class='ocrx_word' id='word_1_65' title='bbox 144 1334 224 1374; x_wconf 77' lang='lat' dir='ltr'>Quinto:</span> <span class='ocrx_word' id='word_1_66' title='bbox 237 1334 260 1369; x_wconf 90' lang='lat' dir='ltr'>de</span> <span class='ocrx_word' id='word_1_67' title='bbox 272 1332 367 1369; x_wconf 83' lang='lat' dir='ltr'>divisione</span> <span class='ocrx_word' id='word_1_68' title='bbox 380 1334 470 1369; x_wconf 88' lang='lat' dir='ltr'>scientiae</span> <span class='ocrx_word' id='word_1_69' title='bbox 482 1335 582 1378; x_wconf 84' lang='lat' dir='ltr'>practicae.</span> 
     </span>
    </p>
   </div>
   <div class='ocr_carea' id='block_1_6' title="bbox 45 834 798 973">
    <p class='ocr_par' dir='ltr' id='par_1_6' title="bbox 45 834 798 973">
     <span class='ocr_line' id='line_1_16' title="bbox 45 834 798 954; baseline 0.003 -71"><span class='ocrx_word' id='word_1_70' title='bbox 45 834 212 954; x_wconf 40' lang='lat' dir='ltr'>&amp;exsiccamus</span> <span class='ocrx_word' id='word_1_71' title='bbox 223 852 320 894; x_wconf 86' lang='lat' dir='ltr'>agendum</span> <span class='ocrx_word' id='word_1_72' title='bbox 335 854 365 885; x_wconf 90' lang='lat' dir='ltr'>est</span> <span class='ocrx_word' id='word_1_73' title='bbox 379 852 403 885; x_wconf 87' lang='lat' dir='ltr'>de</span> <span class='ocrx_word' id='word_1_74' title='bbox 418 852 513 886; x_wconf 85' lang='lat' dir='ltr'>divisione</span> <span class='ocrx_word' id='word_1_75' title='bbox 530 851 619 886; x_wconf 83' lang='lat' dir='ltr'>scientiae</span> <span class='ocrx_word' id='word_1_76' title='bbox 634 852 763 894; x_wconf 87' lang='lat' dir='ltr'>speculativae</span> <span class='ocrx_word' id='word_1_77' title='bbox 777 852 798 885; x_wconf 88' lang='lat' dir='ltr'>in</span> 
     </span>
     <span class='ocr_line' id='line_1_17' title="bbox 61 897 99 927; baseline 0.053 -2"><span class='ocrx_word' id='word_1_78' title='bbox 61 897 99 927; x_wconf 55' lang='lat' dir='ltr'>NJ?</span> 
     </span>
     <span class='ocr_line' id='line_1_18' title="bbox 60 918 92 973; baseline 0 -33"><span class='ocrx_word' id='word_1_79' title='bbox 60 918 92 973; x_wconf 43' lang='grc' dir='ltr'><em>ἃ</em></span> 
     </span>
    </p>
   </div>
   <div class='ocr_carea' id='block_1_7' title="bbox 316 1498 529 1532">
    <p class='ocr_par' dir='ltr' id='par_1_7' title="bbox 316 1498 529 1532">
     <span class='ocr_line' id='line_1_19' title="bbox 316 1498 529 1532; baseline 0.005 -2"><span class='ocrx_word' id='word_1_80' title='bbox 316 1498 438 1532; x_wconf 76' lang='lat' dir='ltr'>ARTICULUS</span> <span class='ocrx_word' id='word_1_81' title='bbox 449 1499 529 1531; x_wconf 79' lang='lat' dir='ltr'><strong>PRIMUS</strong></span> 
     </span>
    </p>
   </div>
   <div class='ocr_carea' id='block_1_8' title="bbox 129 1609 717 1700">
    <p class='ocr_par' dir='ltr' id='par_1_8' title="bbox 129 1609 717 1700">
     <span class='ocr_line' id='line_1_20' title="bbox 129 1609 717 1638; baseline -0.002 0"><span class='ocrx_word' id='word_1_82' title='bbox 129 1609 196 1638; x_wconf 75' lang='lat' dir='ltr'>UTRUM</span> <span class='ocrx_word' id='word_1_83' title='bbox 209 1609 296 1638; x_wconf 67' lang='lat' dir='ltr'>solantia</span> <span class='ocrx_word' id='word_1_84' title='bbox 310 1609 438 1638; x_wconf 66' lang='lat' dir='ltr'>spectatura</span> <span class='ocrx_word' id='word_1_85' title='bbox 452 1609 597 1638; x_wconf 78' lang='lat' dir='ltr'>CONVENlEN&#39;l&#39;ER</span> <span class='ocrx_word' id='word_1_86' title='bbox 611 1609 717 1638; x_wconf 69' lang='lat' dir='ltr'>hlt&#39;lhl&#39;lhh-</span> 
     </span>
     <span class='ocr_line' id='line_1_21' title="bbox 171 1663 673 1700; baseline 0.002 -10"><span class='ocrx_word' id='word_1_87' title='bbox 171 1664 192 1691; x_wconf 81' lang='lat' dir='ltr'>IN</span> <span class='ocrx_word' id='word_1_88' title='bbox 206 1663 307 1700; x_wconf 73' lang='lat' dir='ltr'>Pnisicln,</span> <span class='ocrx_word' id='word_1_89' title='bbox 321 1663 474 1692; x_wconf 71' lang='lat' dir='ltr'>Maraanlnlcln</span> <span class='ocrx_word' id='word_1_90' title='bbox 487 1663 511 1691; x_wconf 82' lang='grc' dir='ltr'>ΕΤ</span> <span class='ocrx_word' id='word_1_91' title='bbox 525 1663 673 1692; x_wconf 74' lang='lat' dir='ltr'>hlEThPlll&#39;SlCAlll</span> 
     </span>
    </p>
   </div>
   <div class='ocr_carea' id='block_1_9' title="bbox 45 1759 801 2501">
    <p class='ocr_par' dir='ltr' id='par_1_9' title="bbox 46 1759 799 2072">
     <span class='ocr_line' id='line_1_22' title="bbox 48 1759 799 1843; baseline 0.003 -52"><span class='ocrx_word' id='word_1_92' title='bbox 48 1770 86 1843; x_wconf 67' lang='lat' dir='ltr'>Aa</span> <span class='ocrx_word' id='word_1_93' title='bbox 97 1769 159 1792; x_wconf 78' lang='lat' dir='ltr'>rnmuu</span> <span class='ocrx_word' id='word_1_94' title='bbox 171 1770 194 1792; x_wconf 77' lang='lat' dir='ltr'>sio</span> <span class='ocrx_word' id='word_1_95' title='bbox 205 1769 311 1792; x_wconf 77' lang='lat' dir='ltr'>rnecannuu.</span> <span class='ocrx_word' id='word_1_96' title='bbox 334 1760 415 1793; x_wconf 88' lang='lat' dir='ltr'>Videtur</span> <span class='ocrx_word' id='word_1_97' title='bbox 430 1760 483 1802; x_wconf 82' lang='lat' dir='ltr'>qaod</span> <span class='ocrx_word' id='word_1_98' title='bbox 497 1769 536 1792; x_wconf 88' lang='lat' dir='ltr'>non</span> <span class='ocrx_word' id='word_1_99' title='bbox 551 1759 688 1793; x_wconf 86' lang='lat' dir='ltr'>convenienter</span> <span class='ocrx_word' id='word_1_100' title='bbox 700 1759 799 1793; x_wconf 85' lang='lat' dir='ltr'>dividatur</span> 
     </span>
     <span class='ocr_line' id='line_1_23' title="bbox 88 1813 798 1856; baseline -0.001 -9"><span class='ocrx_word' id='word_1_101' title='bbox 88 1814 166 1847; x_wconf 85' lang='lat' dir='ltr'>scientia</span> <span class='ocrx_word' id='word_1_102' title='bbox 176 1813 293 1856; x_wconf 84' lang='lat' dir='ltr'>speculativa</span> <span class='ocrx_word' id='word_1_103' title='bbox 302 1813 322 1847; x_wconf 87' lang='lat' dir='ltr'>in</span> <span class='ocrx_word' id='word_1_104' title='bbox 331 1813 439 1855; x_wconf 86' lang='lat' dir='ltr'>Physicam‚</span> <span class='ocrx_word' id='word_1_105' title='bbox 449 1813 603 1847; x_wconf 81' lang='lat' dir='ltr'>hlathematicam</span> <span class='ocrx_word' id='word_1_106' title='bbox 612 1815 631 1847; x_wconf 91' lang='lat' dir='ltr'>et</span> <span class='ocrx_word' id='word_1_107' title='bbox 640 1813 798 1855; x_wconf 81' lang='lat' dir='ltr'>hletaphysicam.</span> 
     </span>
     <span class='ocr_line' id='line_1_24' title="bbox 46 1867 799 1910; baseline -0.001 -9"><span class='ocrx_word' id='word_1_108' title='bbox 46 1868 95 1902; x_wconf 88' lang='lat' dir='ltr'>Nam</span> <span class='ocrx_word' id='word_1_109' title='bbox 112 1867 218 1901; x_wconf 86' lang='lat' dir='ltr'>secundum</span> <span class='ocrx_word' id='word_1_110' title='bbox 233 1867 374 1909; x_wconf 85' lang='lat' dir='ltr'>Philosophum</span> <span class='ocrx_word' id='word_1_111' title='bbox 386 1869 395 1900; x_wconf 85' lang='grc'><strong>1</strong></span> <span class='ocrx_word' id='word_1_112' title='bbox 408 1868 520 1910; x_wconf 75' lang='lat' dir='ltr'>Metcphps.</span> <span class='ocrx_word' id='word_1_113' title='bbox 533 1877 548 1900; x_wconf 86' lang='lat' dir='ltr'>c.</span> <span class='ocrx_word' id='word_1_114' title='bbox 560 1869 570 1900; x_wconf 82' lang='lat'>2</span> <span class='ocrx_word' id='word_1_115' title='bbox 586 1867 665 1901; x_wconf 88' lang='lat' dir='ltr'>scientia</span> <span class='ocrx_word' id='word_1_116' title='bbox 680 1867 799 1909; x_wconf 86' lang='lat' dir='ltr'>speculativa</span> 
     </span>
     <span class='ocr_line' id='line_1_25' title="bbox 46 1921 799 1965; baseline -0.003 -9"><span class='ocrx_word' id='word_1_117' title='bbox 46 1924 75 1956; x_wconf 90' lang='lat' dir='ltr'>est</span> <span class='ocrx_word' id='word_1_118' title='bbox 88 1921 118 1956; x_wconf 86' lang='lat' dir='ltr'>sui</span> <span class='ocrx_word' id='word_1_119' title='bbox 130 1922 198 1965; x_wconf 80' lang='lat' dir='ltr'>gratia.</span> <span class='ocrx_word' id='word_1_120' title='bbox 218 1921 256 1955; x_wconf 85' lang='lat' dir='ltr'>Sed</span> <span class='ocrx_word' id='word_1_121' title='bbox 268 1921 375 1955; x_wconf 84' lang='lat' dir='ltr'>secundum</span> <span class='ocrx_word' id='word_1_122' title='bbox 387 1922 478 1955; x_wconf 83' lang='lat' dir='ltr'>eumdem</span> <span class='ocrx_word' id='word_1_123' title='bbox 489 1921 566 1955; x_wconf 80' lang='lat' dir='ltr'>ibidem</span> <span class='ocrx_word' id='word_1_124' title='bbox 578 1921 619 1955; x_wconf 87' lang='lat' dir='ltr'>sola</span> <span class='ocrx_word' id='word_1_125' title='bbox 627 1921 760 1964; x_wconf 79' lang='lat' dir='ltr'>hletaphysica</span> <span class='ocrx_word' id='word_1_126' title='bbox 769 1925 799 1955; x_wconf 89' lang='lat' dir='ltr'>est</span> 
     </span>
     <span class='ocr_line' id='line_1_26' title="bbox 46 1974 798 2019; baseline -0.001 -9"><span class='ocrx_word' id='word_1_127' title='bbox 46 1976 77 2010; x_wconf 88' lang='lat' dir='ltr'>sui</span> <span class='ocrx_word' id='word_1_128' title='bbox 88 1976 156 2019; x_wconf 86' lang='lat' dir='ltr'>gratia.</span> <span class='ocrx_word' id='word_1_129' title='bbox 180 1976 233 2019; x_wconf 80' lang='lat' dir='ltr'>Ergo</span> <span class='ocrx_word' id='word_1_130' title='bbox 245 1975 328 2018; x_wconf 78' lang='lat' dir='ltr'>Physica</span> <span class='ocrx_word' id='word_1_131' title='bbox 340 1978 359 2009; x_wconf 88' lang='lat' dir='ltr'>et</span> <span class='ocrx_word' id='word_1_132' title='bbox 370 1975 505 2009; x_wconf 86' lang='lat' dir='ltr'>hlathematica</span> <span class='ocrx_word' id='word_1_133' title='bbox 521 1985 560 2009; x_wconf 87' lang='lat' dir='ltr'>non</span> <span class='ocrx_word' id='word_1_134' title='bbox 573 1978 618 2009; x_wconf 89' lang='lat' dir='ltr'>sunt</span> <span class='ocrx_word' id='word_1_135' title='bbox 629 1977 695 2017; x_wconf 88' lang='lat' dir='ltr'>partes</span> <span class='ocrx_word' id='word_1_136' title='bbox 709 1974 798 2009; x_wconf 88' lang='lat' dir='ltr'>scientiae</span> 
     </span>
     <span class='ocr_line' id='line_1_27' title="bbox 47 2029 182 2072; baseline 0.007 -10"><span class='ocrx_word' id='word_1_137' title='bbox 47 2029 182 2072; x_wconf 87' lang='lat' dir='ltr'>speculativae.</span> 
     </span>
    </p>

    <p class='ocr_par' dir='ltr' id='par_1_10' title="bbox 46 2082 800 2287">
     <span class='ocr_line' id='line_1_28' title="bbox 111 2082 799 2125; baseline -0.001 -8"><span class='ocrx_word' id='word_1_138' title='bbox 111 2085 126 2117; x_wconf 80' lang='lat'>2.</span> <span class='ocrx_word' id='word_1_139' title='bbox 138 2084 243 2123; x_wconf 69' lang='lat' dir='ltr'>Fulserunt,</span> <span class='ocrx_word' id='word_1_140' title='bbox 256 2083 350 2117; x_wconf 84' lang='lat' dir='ltr'>Medicina</span> <span class='ocrx_word' id='word_1_141' title='bbox 362 2085 391 2117; x_wconf 85' lang='lat' dir='ltr'>est</span> <span class='ocrx_word' id='word_1_142' title='bbox 403 2092 449 2125; x_wconf 89' lang='lat' dir='ltr'>pars</span> <span class='ocrx_word' id='word_1_143' title='bbox 461 2082 594 2125; x_wconf 81' lang='lat' dir='ltr'>philosophiae</span> <span class='ocrx_word' id='word_1_144' title='bbox 607 2082 706 2124; x_wconf 84' lang='lat' dir='ltr'>naturalis,</span> <span class='ocrx_word' id='word_1_145' title='bbox 719 2082 769 2116; x_wconf 89' lang='lat' dir='ltr'>sicut</span> <span class='ocrx_word' id='word_1_146' title='bbox 781 2085 799 2116; x_wconf 91' lang='lat' dir='ltr'>et</span> 
     </span>
     <span class='ocr_line' id='line_1_29' title="bbox 47 2136 800 2179; baseline -0.001 -10"><span class='ocrx_word' id='word_1_147' title='bbox 47 2137 125 2171; x_wconf 87' lang='lat' dir='ltr'>scientia</span> <span class='ocrx_word' id='word_1_148' title='bbox 137 2138 161 2171; x_wconf 87' lang='lat' dir='ltr'>de</span> <span class='ocrx_word' id='word_1_149' title='bbox 173 2136 296 2179; x_wconf 82' lang='lat' dir='ltr'>agricultura.</span> <span class='ocrx_word' id='word_1_150' title='bbox 320 2137 358 2170; x_wconf 86' lang='lat' dir='ltr'>Sed</span> <span class='ocrx_word' id='word_1_151' title='bbox 372 2136 420 2169; x_wconf 87' lang='lat' dir='ltr'>istae</span> <span class='ocrx_word' id='word_1_152' title='bbox 437 2138 482 2170; x_wconf 88' lang='lat' dir='ltr'>sunt</span> <span class='ocrx_word' id='word_1_153' title='bbox 498 2136 614 2178; x_wconf 82' lang='lat' dir='ltr'>operativae.</span> <span class='ocrx_word' id='word_1_154' title='bbox 638 2136 691 2178; x_wconf 83' lang='lat' dir='ltr'>Ergo</span> <span class='ocrx_word' id='word_1_155' title='bbox 706 2138 725 2169; x_wconf 90' lang='lat' dir='ltr'>et</span> <span class='ocrx_word' id='word_1_156' title='bbox 736 2136 800 2169; x_wconf 86' lang='lat' dir='ltr'>Philo-</span> 
     </span>
     <span class='ocr_line' id='line_1_30' title="bbox 46 2189 799 2232; baseline -0.001 -8"><span class='ocrx_word' id='word_1_157' title='bbox 46 2190 115 2232; x_wconf 86' lang='lat' dir='ltr'>sophia</span> <span class='ocrx_word' id='word_1_158' title='bbox 131 2190 226 2224; x_wconf 87' lang='lat' dir='ltr'>natnralis</span> <span class='ocrx_word' id='word_1_159' title='bbox 245 2200 279 2223; x_wconf 88' lang='lat' dir='ltr'>seu</span> <span class='ocrx_word' id='word_1_160' title='bbox 297 2189 380 2232; x_wconf 73' lang='lat' dir='ltr'>Physica</span> <span class='ocrx_word' id='word_1_161' title='bbox 398 2192 427 2222; x_wconf 89' lang='lat' dir='ltr'>est</span> <span class='ocrx_word' id='word_1_162' title='bbox 445 2189 549 2231; x_wconf 86' lang='lat' dir='ltr'>operativa,</span> <span class='ocrx_word' id='word_1_163' title='bbox 565 2192 584 2222; x_wconf 92' lang='lat' dir='ltr'>et</span> <span class='ocrx_word' id='word_1_164' title='bbox 600 2189 627 2222; x_wconf 89' lang='lat' dir='ltr'>sic</span> <span class='ocrx_word' id='word_1_165' title='bbox 642 2199 681 2222; x_wconf 89' lang='lat' dir='ltr'>non</span> <span class='ocrx_word' id='word_1_166' title='bbox 698 2189 735 2222; x_wconf 89' lang='lat' dir='ltr'>erit</span> <span class='ocrx_word' id='word_1_167' title='bbox 752 2199 799 2231; x_wconf 85' lang='lat' dir='ltr'>pars</span> 
     </span>
     <span class='ocr_line' id='line_1_31' title="bbox 46 2242 474 2287; baseline 0 -11"><span class='ocrx_word' id='word_1_168' title='bbox 46 2243 182 2287; x_wconf 87' lang='lat' dir='ltr'>Philosophiae</span> <span class='ocrx_word' id='word_1_169' title='bbox 193 2245 225 2278; x_wconf 83' lang='lat' dir='ltr'>vel</span> <span class='ocrx_word' id='word_1_170' title='bbox 237 2243 327 2277; x_wconf 85' lang='lat' dir='ltr'>scientiae</span> <span class='ocrx_word' id='word_1_171' title='bbox 340 2242 474 2286; x_wconf 87' lang='lat' dir='ltr'>speculativae.</span> 
     </span>
    </p>

    <p class='ocr_par' dir='ltr' id='par_1_11' title="bbox 45 2296 801 2501">
     <span class='ocr_line' id='line_1_32' title="bbox 111 2296 799 2338; baseline -0.003 -7"><span class='ocrx_word' id='word_1_172' title='bbox 111 2299 126 2331; x_wconf 83' lang='lat'>3.</span> <span class='ocrx_word' id='word_1_173' title='bbox 139 2298 244 2337; x_wconf 65' lang='lat' dir='ltr'>Paternum,</span> <span class='ocrx_word' id='word_1_174' title='bbox 257 2297 386 2330; x_wconf 81' lang='lat' dir='ltr'>communiter</span> <span class='ocrx_word' id='word_1_175' title='bbox 394 2296 519 2338; x_wconf 87' lang='lat' dir='ltr'>Philosophia</span> <span class='ocrx_word' id='word_1_176' title='bbox 531 2296 625 2330; x_wconf 88' lang='lat' dir='ltr'>dividitur</span> <span class='ocrx_word' id='word_1_177' title='bbox 633 2297 653 2329; x_wconf 90' lang='lat' dir='ltr'>in</span> <span class='ocrx_word' id='word_1_178' title='bbox 663 2299 738 2338; x_wconf 89' lang='lat' dir='ltr'>septem</span> <span class='ocrx_word' id='word_1_179' title='bbox 747 2298 799 2330; x_wconf 85' lang='lat' dir='ltr'>artes</span> 
     </span>
     <span class='ocr_line' id='line_1_33' title="bbox 45 2349 799 2394; baseline 0 -11"><span class='ocrx_word' id='word_1_180' title='bbox 45 2350 140 2392; x_wconf 76' lang='lat' dir='ltr'>liberales,</span> <span class='ocrx_word' id='word_1_181' title='bbox 148 2351 199 2384; x_wconf 87' lang='lat' dir='ltr'>inter</span> <span class='ocrx_word' id='word_1_182' title='bbox 208 2360 257 2394; x_wconf 86' lang='lat' dir='ltr'>quas</span> <span class='ocrx_word' id='word_1_183' title='bbox 266 2360 328 2393; x_wconf 87' lang='lat' dir='ltr'>neque</span> <span class='ocrx_word' id='word_1_184' title='bbox 338 2349 417 2384; x_wconf 88' lang='lat' dir='ltr'>scientia</span> <span class='ocrx_word' id='word_1_185' title='bbox 425 2350 491 2383; x_wconf 86' lang='lat' dir='ltr'>divina</span> <span class='ocrx_word' id='word_1_186' title='bbox 499 2359 562 2392; x_wconf 88' lang='lat' dir='ltr'>neque</span> <span class='ocrx_word' id='word_1_187' title='bbox 569 2350 664 2383; x_wconf 85' lang='lat' dir='ltr'>naturalis</span> <span class='ocrx_word' id='word_1_188' title='bbox 671 2349 799 2389; x_wconf 87' lang='lat' dir='ltr'>continentur,</span> 
     </span>
     <span class='ocr_line' id='line_1_34' title="bbox 47 2403 801 2447; baseline -0.001 -10"><span class='ocrx_word' id='word_1_189' title='bbox 47 2404 81 2437; x_wconf 86' lang='lat' dir='ltr'>sed</span> <span class='ocrx_word' id='word_1_190' title='bbox 99 2405 140 2438; x_wconf 90' lang='lat' dir='ltr'>sola</span> <span class='ocrx_word' id='word_1_191' title='bbox 157 2405 256 2439; x_wconf 87' lang='lat' dir='ltr'>rationalis</span> <span class='ocrx_word' id='word_1_192' title='bbox 271 2407 290 2438; x_wconf 90' lang='lat' dir='ltr'>et</span> <span class='ocrx_word' id='word_1_193' title='bbox 305 2404 445 2438; x_wconf 86' lang='lat' dir='ltr'>mathematica.</span> <span class='ocrx_word' id='word_1_194' title='bbox 469 2404 522 2447; x_wconf 83' lang='lat' dir='ltr'>Ergo</span> <span class='ocrx_word' id='word_1_195' title='bbox 537 2404 631 2437; x_wconf 89' lang='lat' dir='ltr'>naturalis</span> <span class='ocrx_word' id='word_1_196' title='bbox 646 2406 665 2437; x_wconf 88' lang='lat' dir='ltr'>et</span> <span class='ocrx_word' id='word_1_197' title='bbox 679 2403 746 2437; x_wconf 86' lang='lat' dir='ltr'>divina</span> <span class='ocrx_word' id='word_1_198' title='bbox 760 2413 801 2437; x_wconf 87' lang='lat' dir='ltr'>non</span> 
     </span>
     <span class='ocr_line' id='line_1_35' title="bbox 46 2457 733 2501; baseline -0.001 -10"><span class='ocrx_word' id='word_1_199' title='bbox 46 2457 156 2492; x_wconf 86' lang='lat' dir='ltr'>debuerunt</span> <span class='ocrx_word' id='word_1_200' title='bbox 167 2459 214 2501; x_wconf 85' lang='lat' dir='ltr'>peni</span> <span class='ocrx_word' id='word_1_201' title='bbox 225 2462 292 2501; x_wconf 86' lang='lat' dir='ltr'>partes</span> <span class='ocrx_word' id='word_1_202' title='bbox 304 2457 441 2500; x_wconf 85' lang='lat' dir='ltr'>Philosophiae</span> <span class='ocrx_word' id='word_1_203' title='bbox 453 2457 483 2490; x_wconf 91' lang='lat' dir='ltr'>vel</span> <span class='ocrx_word' id='word_1_204' title='bbox 496 2457 586 2491; x_wconf 84' lang='lat' dir='ltr'>scientiae</span> <span class='ocrx_word' id='word_1_205' title='bbox 599 2457 733 2500; x_wconf 85' lang='lat' dir='ltr'>speculativae.</span> 
     </span>
    </p>
   </div>
   <div class='ocr_carea' id='block_1_10' title="bbox 47 2533 800 2632">
    <p class='ocr_par' dir='ltr' id='par_1_12' title="bbox 47 2533 800 2632">
     <span class='ocr_line' id='line_1_36' title="bbox 112 2533 800 2578; baseline -0.004 -10"><span class='ocrx_word' id='word_1_206' title='bbox 112 2533 145 2568; x_wconf 85' lang='lat' dir='ltr'>San</span> <span class='ocrx_word' id='word_1_207' title='bbox 153 2544 215 2567; x_wconf 74' lang='lat' dir='ltr'>coram</span> <span class='ocrx_word' id='word_1_208' title='bbox 222 2545 250 2567; x_wconf 70' lang='lat' dir='ltr'>asc</span> <span class='ocrx_word' id='word_1_209' title='bbox 256 2535 309 2578; x_wconf 87' lang='lat' dir='ltr'>quod</span> <span class='ocrx_word' id='word_1_210' title='bbox 316 2534 447 2576; x_wconf 88' lang='lat' dir='ltr'>Philosophus</span> <span class='ocrx_word' id='word_1_211' title='bbox 453 2535 463 2567; x_wconf 77' lang='lat'>5</span> <span class='ocrx_word' id='word_1_212' title='bbox 468 2533 580 2576; x_wconf 69' lang='lat' dir='ltr'>inetcpnps.</span> <span class='ocrx_word' id='word_1_213' title='bbox 587 2535 616 2567; x_wconf 80' lang='lat' dir='ltr'>ct</span> <span class='ocrx_word' id='word_1_214' title='bbox 624 2533 693 2566; x_wconf 69' lang='lat' dir='ltr'>dividit</span> <span class='ocrx_word' id='word_1_215' title='bbox 701 2533 800 2567; x_wconf 88' lang='lat' dir='ltr'>scientiam</span> 
     </span>
     <span class='ocr_line' id='line_1_37' title="bbox 47 2587 706 2632; baseline 0 -11"><span class='ocrx_word' id='word_1_216' title='bbox 47 2587 185 2629; x_wconf 86' lang='lat' dir='ltr'>speculativam</span> <span class='ocrx_word' id='word_1_217' title='bbox 196 2589 217 2622; x_wconf 90' lang='lat' dir='ltr'>in</span> <span class='ocrx_word' id='word_1_218' title='bbox 229 2589 338 2632; x_wconf 75' lang='lat' dir='ltr'>Physicam,</span> <span class='ocrx_word' id='word_1_219' title='bbox 351 2587 505 2622; x_wconf 81' lang='lat' dir='ltr'>llathernaticam</span> <span class='ocrx_word' id='word_1_220' title='bbox 517 2590 536 2621; x_wconf 92' lang='lat' dir='ltr'>et</span> <span class='ocrx_word' id='word_1_221' title='bbox 548 2588 706 2631; x_wconf 82' lang='lat' dir='ltr'>hletaphysicam.</span> 
     </span>
    </p>
   </div>
   <div class='ocr_carea' id='block_1_11' title="bbox 46 2664 801 2763">
    <p class='ocr_par' dir='ltr' id='par_1_13' title="bbox 46 2664 801 2763">
     <span class='ocr_line' id='line_1_38' title="bbox 112 2664 801 2710; baseline 0.001 -11"><span class='ocrx_word' id='word_1_222' title='bbox 112 2665 210 2699; x_wconf 68' lang='lat' dir='ltr'>Rasncrnrc</span> <span class='ocrx_word' id='word_1_223' title='bbox 217 2676 296 2698; x_wconf 74' lang='lat' dir='ltr'>nicaunun</span> <span class='ocrx_word' id='word_1_224' title='bbox 303 2666 404 2710; x_wconf 84' lang='lat' dir='ltr'>quodcum</span> <span class='ocrx_word' id='word_1_225' title='bbox 411 2664 490 2699; x_wconf 88' lang='lat' dir='ltr'>scientia</span> <span class='ocrx_word' id='word_1_226' title='bbox 497 2665 616 2707; x_wconf 91' lang='lat' dir='ltr'>speculativa</span> <span class='ocrx_word' id='word_1_227' title='bbox 622 2667 641 2699; x_wconf 90' lang='lat' dir='ltr'>et</span> <span class='ocrx_word' id='word_1_228' title='bbox 646 2665 731 2708; x_wconf 85' lang='lat' dir='ltr'>practica</span> <span class='ocrx_word' id='word_1_229' title='bbox 737 2675 773 2709; x_wconf 90' lang='lat' dir='ltr'>per</span> <span class='ocrx_word' id='word_1_230' title='bbox 779 2666 801 2699; x_wconf 83' lang='lat' dir='ltr'>ii·</span> 
     </span>
     <span class='ocr_line' id='line_1_39' title="bbox 46 2719 799 2763; baseline 0.005 -12"><span class='ocrx_word' id='word_1_231' title='bbox 46 2728 90 2753; x_wconf 88' lang='lat' dir='ltr'>nem</span> <span class='ocrx_word' id='word_1_232' title='bbox 97 2719 248 2763; x_wconf 77' lang='lat' dir='ltr'>distinguantur,</span> <span class='ocrx_word' id='word_1_233' title='bbox 252 2723 341 2763; x_wconf 89' lang='lat' dir='ltr'>oporteat</span> <span class='ocrx_word' id='word_1_234' title='bbox 346 2719 523 2754; x_wconf 79' lang='lat' dir='ltr'>autemmatarc&#39;am</span> <span class='ocrx_word' id='word_1_235' title='bbox 527 2720 610 2754; x_wconf 72' lang='lat' dir='ltr'>csscfici</span> <span class='ocrx_word' id='word_1_236' title='bbox 612 2720 799 2763; x_wconf 78' lang='lat' dir='ltr'>proportionatam,</span> 
     </span>
    </p>
   </div>
   <div class='ocr_carea' id='block_1_12' title="bbox 0 0 931 3062">
    <p class='ocr_par' dir='ltr' id='par_1_14' title="bbox 0 0 931 3062">
     <span class='ocr_line' id='line_1_40' title="bbox 0 0 931 3062; baseline 0 0"><span class='ocrx_word' id='word_1_237' title='bbox 0 0 931 3062; x_wconf 95' lang='lat' dir='ltr'> </span> 
     </span>
    </p>
   </div>
  </div>
 </body>
</html>
