1846 3062
360 147 466 188 QUAESTIO
479 148 493 179 X
516 148 637 180 ARTlCULUS
648 148 663 179 11

389 308 511 341 ARTIGULUS
522 308 632 341 SECUNDUS

241 407 304 434 UTRUM
318 405 398 434 Haemus
412 404 439 433 SIT
453 405 515 434 aonam
529 405 645 434 extrinseca
660 405 783 433 concinnans

164 513 174 534 1
188 512 271 534 saeuroun
285 512 308 534 sm
323 511 429 534 rnoenonun.
452 501 532 535 Videtur
548 502 600 544 qnod
615 502 698 542 habitus,
713 504 735 534 11ῖ
749 504 779 535 est
793 501 890 543 praedica·

137 516 161 583 A
175 558 267 597 mentum,
280 565 319 589 non
332 556 356 588 sit
368 555 432 589 torma
444 556 551 589 extrinsece
560 555 692 589 denominans.
712 556 761 588 Nam
772 554 851 588 babitus
860 557 890 589 θεῖ

135 609 184 643 actio
196 609 290 651 quaedam
303 609 398 642 habentis.
421 609 459 642 Sed
471 609 520 642 actio
531 614 561 643 est
573 610 592 642 in
605 612 678 652 agente.
699 609 752 651 Ergo
760 608 838 642 habitus
850 618 890 642 non

135 666 165 697 θεῖ
176 663 240 696 torma
252 663 359 696 extrinsece
372 662 505 696 denominans.

202 738 235 772 San
248 748 311 770 conani
322 748 350 770 nsi
365 739 417 780 quod
430 738 561 780 Philosophus
573 738 593 771 in
605 738 730 772 Praedicare,
743 748 757 772 c.
770 740 791 772 10
802 738 890 773 habitum

136 793 192 825 docet
203 801 246 826 esse
257 792 341 825 formam
354 791 462 825 extrinsece
474 792 636 825 denominantcm.

202 867 299 901 Responnno
317 877 396 899 11111111
414 867 466 910 qnod
484 868 661 910 praedicamentum
677 867 755 901 habitus
772 870 802 901 est
818 867 890 910 aliquid

136 922 224 964 speciale
245 922 265 955 in
284 922 401 956 hominibus.
434 922 458 956 In
478 921 520 956 aliis
539 921 590 956 enim
613 922 729 956 animalibus
748 924 818 956 natura
838 922 891 956 dedit

137 976 257 1011 sufficienter
269 987 295 1017 ea,
308 987 357 1020 qnae
369 977 393 1011 ad
405 977 571 1011 conservationem
583 977 633 1010 vitae
642 977 744 1019 pertinent,
756 978 778 1010 nt
786 986 859 1011 cornua
866 977 891 1011 ad

137 1031 286 1073 detendendum,
299 1031 373 1065 corium
385 1041 478 1074 grossum
490 1034 508 1065 et
517 1032 601 1075 pilosum
610 1032 634 1065 ad
642 1032 752 1074 tegendum,
764 1032 848 1075 nugulas
860 1032 891 1066 vel

137 1086 210 1128 aliquid
224 1085 337 1119 huiusmodi
353 1086 377 1120 ad
391 1086 519 1120 incedendum
535 1086 576 1119 sine
590 1085 680 1120 laesione.
704 1086 729 1120 Et
745 1085 772 1120 sie
787 1096 829 1120 cum
847 1086 891 1120 talia

137 1140 227 1174 animalia
239 1140 329 1174 dicuntur
342 1143 416 1174 armata
427 1141 458 1174 vel
470 1140 540 1174 vestita
552 1140 582 1174 vel
595 1141 681 1182 calceata,
696 1140 840 1183 quodammodo
852 1150 891 1174 non

137 1194 288 1229 denominantur
299 1196 323 1228 ab
336 1195 400 1237 aliquo
412 1194 526 1233 extrinseco,
542 1195 576 1228 sed
590 1196 614 1228 ab
629 1195 727 1237 aliquibus
744 1194 784 1228 suis
796 1194 891 1237 partibus.

138 1249 194 1283 Unde
205 1249 242 1283 hoc
253 1248 338 1282 refertur
350 1248 370 1282 in
382 1249 413 1282 liis
425 1249 449 1283 ad
461 1248 639 1291 praedicamentum
652 1248 777 1288 substantiae,
789 1251 866 1291 utputa
875 1248 892 1282 si

138 1302 238 1345 diceretur,
251 1303 304 1346 quod
315 1303 373 1336 1111111
386 1306 416 1336 est
427 1305 530 1337 mauuatus
539 1303 570 1337 vel
578 1303 665 1345 pedatus.
685 1302 723 1337 Sed
732 1302 845 1337 huiusmodi
852 1313 892 1336 non

137 1359 227 1399 poterant
235 1358 278 1391 dari
287 1357 361 1390 homini
370 1367 381 1391 a
389 1360 464 1399 natura,
476 1360 518 1391 tuin
529 1357 575 1400 quia
584 1367 622 1391 non
631 1357 771 1392 conveniebant
780 1358 893 1392 stcbtilitotc'

138 1411 278 1453 complexionis
290 1412 337 1453 eius,
350 1414 391 1445 tum
403 1414 484 1454 propter
496 1412 680 1446 ozzilmmmitotem
692 1421 778 1454 operum,
791 1422 840 1455 qnae
850 1421 892 1446 oon·

138 1466 219 1499 ueniunt
230 1465 304 1500 bomini
311 1466 426 1509 inquantum
435 1467 493 1500 habet
501 1466 601 1508 rationem,
613 1466 685 1509 quibus
693 1466 757 1509 aliqua
765 1466 892 1506 determinata

137 1520 267 1554 instrumenta
279 1520 420 1554 accommodari
432 1530 471 1553 non
483 1522 573 1562 poterant
585 1530 595 1554 a
607 1523 685 1554 natura:
702 1520 736 1554 sed
748 1520 789 1554 loco
804 1519 891 1553 omnium

137 1574 189 1607 inest
203 1574 277 1608 bomini
292 1574 352 1616 antio,
368 1584 407 1617 qua
422 1574 518 1608 exteriora
534 1574 571 1608 sibi
582 1577 686 1617 praeparat
697 1575 739 1608 loco
752 1575 827 1616 borum,
843 1584 892 1617 qnae

138 1628 180 1661 aliis
193 1628 308 1662 animalibus
323 1628 428 1662 intrinseca
444 1630 494 1661 sunt.
519 1628 572 1662 Unde
588 1637 630 1662 cum
646 1629 704 1662 homo
720 1628 791 1662 dicitur
805 1631 892 1662 armatus

138 1683 169 1715 rel
181 1682 264 1715 vestitus
279 1682 310 1716 vel
325 1682 425 1724 calceatus,
441 1682 578 1715 denominatur
593 1683 617 1715 ab
632 1682 696 1724 aliquo
711 1681 825 1723 extrinsece,
840 1682 892 1725 qnod

138 1746 177 1769 non
189 1737 247 1770 habet
258 1736 353 1770 rationem
363 1745 425 1778 neque
433 1745 502 1770 causae
510 1746 573 1779 neque
581 1745 689 1770 mensurae¹
709 1736 764 1770 Unde
773 1739 803 1769 est
812 1735 893 1778 speciale

139 1790 316 1833 praedicamentum
329 1794 348 1823 et
360 1790 430 1824 dicitnr
442 1789 526 1824 habitus.

205 1843 242 1877 Sed
254 1845 393 1877 attendendum
402 1847 436 1885 est,
448 1844 501 1887 qnod
510 1844 568 1877 etiam
577 1844 619 1877 aliis
628 1843 744 1877 animalibus
752 1844 789 1877 hoc
796 1843 893 1886 praedica-

139 1901 225 1931 mentum
237 1897 355 1939 attribuitur,
364 1908 403 1931 111
412 1898 518 1931 secundum
528 1898 581 1940 quod
589 1897 608 1931 in
618 1907 653 1931 sua
662 1900 731 1931 natura
740 1897 893 1937 considerantur,

140 1951 174 1985 sed
186 1952 293 1985 seeundum
306 1952 358 1994 quod
370 1952 390 1984 in
400 1950 485 1985 bominis
497 1961 554 1984 usum
564 1951 654 1992 veniunt;
666 1954 688 1985 nt
701 1951 717 1984 si
725 1951 811 1985 dieamus
821 1960 893 1993 equum

139 2006 260 2048 phaleratum
273 2006 304 2039 nel
317 2005 405 2039 sellatum
418 2015 453 2038 seu
464 2008 566 2038 armatum,

204 2081 231 2113 An
245 2091 353 2113 anounanrnn
367 2091 409 2113 nnoo
424 2091 503 2112 nrcanomr
517 2081 570 2123 qnod
581 2080 665 2121 habitus,
681 2080 787 2113 secundum
799 2081 852 2122 quod
864 2083 894 2113 est

139 2134 322 2177 praedicamentum,
332 2137 361 2167 est
369 2135 416 2176 quid
424 2134 510 2167 medinm
518 2134 569 2167 inter
577 2134 680 2167 habentem
686 2136 706 2166 et
711 2134 736 2174 id,
745 2134 798 2176 quod
806 2134 893 2167 babetur.

140 2188 217 2221 Habere
233 2188 290 2229 enim,
308 2188 351 2221 licet
368 2197 407 2221 non
418 2188 450 2224 ‚sit
467 2188 521 2229 actio,
540 2187 662 2230 significatur
679 2189 743 2220 tamen
761 2196 796 2228 per
813 2186 894 2220 modum

139 2240 226 2274 actionis.
250 2241 274 2273 Et
288 2241 332 2274 ideo
346 2241 397 2274 inter
411 2242 514 2274 habentem
529 2243 548 2273 et
562 2249 604 2273 rem
619 2239 704 2273 habitam
721 2239 836 2281 intelligitur
851 2249 894 2272 esse

139 2294 216 2326 medius
228 2293 306 2327 habitus
321 2296 340 2326 et
355 2294 414 2336 quoti
429 2293 482 2327 actio
498 2294 604 2335 1111111111.
628 2293 684 2326 Unde
700 2292 750 2326 sicut
764 2292 894 2326 denominatio

139 2348 164 2380 ab
176 2347 249 2381 actione
264 2350 294 2380 est
306 2347 436 2381 denominatio
451 2357 462 2381 a
475 2347 539 2381 fornia
554 2347 663 2380 extrlnseca
677 2346 818 2388 denominante,
834 2347 860 2380 ita
876 2350 895 2380 et

140 2401 270 2435 denominatio
282 2402 307 2435 ab
318 2400 386 2435 habitu
397 2401 434 2435 erit
446 2404 545 2444 tamquam
557 2411 568 2434 a
579 2401 644 2434 torma
655 2400 769 2435 extrinseca.
