1846 3062
249 178 355 219 eumerio
367 179 426 212 xxm
448 179 570 213 ARTIGULUS
581 180 589 211 l
757 168 795 206 199

106 279 205 312 Rnsnonnno
220 287 300 309 nimiunn
314 277 367 320 quod
382 277 461 311 scientia
475 277 607 320 principaliter
621 276 722 318 pensanda
733 277 763 309 est
776 285 797 308 aa

41 336 92 374 fine·
107 330 203 374 quidquid
218 331 269 364 enim
284 331 354 364 dicitur
368 334 403 374 pei
418 331 505 365 ordinem
521 332 546 364 ad
558 331 636 373 aliquid,
652 340 677 363 ex
690 329 723 363 illo
739 329 796 362 debet

41 385 173 430 principaliter
184 384 268 426 pensari,
285 385 334 418 sicut
345 387 364 418 et
376 386 400 419 ab
412 385 480 418 eodem
492 385 552 418 sumit
564 395 618 418 suam
632 383 796 426 specificationem

41 444 60 474 et
72 438 220 473 distinctionem.
241 438 323 472 Scicntia
332 440 397 471 autem
408 447 443 480 per
456 448 476 471 se
487 438 589 471 ordinatur
598 438 623 471 ad
631 437 733 477 obiectum,
746 436 796 469 sicut

41 497 60 527 et
71 501 204 535 quaecumque
216 491 305 533 cognitio,
317 494 416 533 tamquam
429 491 454 525 ad
465 491 531 525 finem.
551 492 607 525 Unde
616 491 706 524 scientiae
715 490 796 523 diversi·
812 482 814 485 ⁴

41 548 125 579 ficantur
136 545 245 578 scoriadam
258 544 396 579 diversitatem
407 545 483 586 obiecti,
500 554 549 587 quae
561 544 668 578 attenditur
679 553 739 586 penes
751 543 796 576 rati-

41 608 98 633 onem
110 598 216 632 fortitiae
228 598 275 632 eius.
299 598 355 632 Ratio
366 601 431 631 autem
442 598 531 631 formalis
543 598 635 639 omnium,
651 607 700 640 quae
713 600 759 631 suut
771 597 795 629 ad

41 653 106 695 finem,
115 651 221 686 attenditur
230 655 317 695 exparte
325 651 377 688 finis.
393 652 418 686 Et
426 651 469 687 ideo
478 662 556 687 necesse
565 654 599 695 est,
608 652 660 696 quod
670 662 694 686 ex
702 651 795 686 relatione

41 708 66 743 ad
77 707 168 742 diversos
178 706 229 741 fines
242 706 332 742 scientiae
345 707 495 750 distinguantur.

106 773 178 807 Verum
192 773 266 816 duplae
277 774 307 807 est
318 772 364 806 finis
374 773 469 807 scientiae.
490 773 544 808 Unus
553 775 583 807 est
593 772 736 816 contemplatio
745 772 795 806 ueri·
828 766 831 770 ⁴

42 827 96 862 tetis.
117 827 142 860 Et
153 827 178 861 ab
190 827 226 860 hoc
237 827 276 860 fine
289 827 425 860 denominatur
437 827 516 860 scientia
526 827 658 870 speculativo.
679 826 732 860 Haec
743 826 795 859 einim

42 884 117 915 tantum
129 880 212 914 intendit
223 881 405 923 contemplationem
417 890 451 914 seu
464 880 614 922 speculationem
625 880 719 914 ueritatis.
741 881 796 913 Alter

41 937 71 968 est
83 934 180 976 operatio.
201 935 226 967 Et
237 936 261 967 ab
273 935 311 967 ista
323 935 459 967 denominatur
468 934 653 976 scientiapmettuc.
675 934 727 967 Licet
738 934 795 975 enim,

41 990 63 1021 ut
74 987 130 1021 docet
139 987 270 1030 Philosophus
278 988 390 1030 Matepftys.
399 997 414 1021 c.
424 989 438 1029 1,
450 987 530 1029 practici
542 997 577 1021 sen
588 987 683 1029 operatiui
694 986 796 1020 intendant

41 1049 158 1083 cognoscere
173 1040 279 1082 veritatem,
295 1041 393 1083 quomodo
408 1050 429 1075 se
444 1042 514 1074 haheat
528 1040 548 1074 in
563 1040 661 1083 aliquibus
676 1041 741 1081 rebus,
756 1049 795 1073 non

41 1097 106 1127 tamen
117 1096 215 1136 quaerunt
226 1103 268 1127 eam
280 1097 379 1136 tamquam
388 1094 478 1128 ultimum
486 1094 551 1135 finem,
563 1094 662 1127 nonenim
672 1093 796 1126 considerant

42 1157 120 1181 causam
131 1147 220 1181 veritatis
233 1148 339 1189 secundum
352 1157 372 1181 se
381 1150 399 1181 et
407 1150 488 1190 propter
498 1157 527 1181 se:
541 1147 575 1181 sed
584 1147 693 1181 ordinando
701 1147 726 1181 ad
734 1146 795 1180 finem

42 1201 160 1244 operationis
176 1201 217 1236 siue
228 1202 342 1245 applicando
357 1202 382 1236 ad
394 1202 471 1245 aliquod
486 1202 602 1245 particulare
615 1201 764 1236 determinatum
777 1204 796 1236 et

42 1257 66 1291 ad
84 1256 162 1300 aliquod
180 1257 330 1292 determinatum
345 1261 427 1301 tempus.
451 1258 500 1297 Quia
516 1268 563 1301 ergo
581 1258 656 1292 diuersi
673 1260 719 1291 sunt
738 1257 794 1299 fines,

42 1321 158 1355 cognoscere
170 1311 271 1346 veritatem
284 1312 392 1346 ordinando
406 1312 458 1346 illam
474 1313 498 1346 ad
512 1312 573 1346 finem
589 1312 707 1355 operationis
721 1314 741 1345 et
752 1321 795 1354 cog-

41 1375 121 1399 noscere
128 1366 229 1400 veritatem
235 1366 321 1401 sistendo
328 1366 348 1400 in
354 1366 394 1400 iila:
403 1366 446 1400 ideo
454 1367 583 1409 speculativae
590 1366 679 1400 scientiae
688 1365 795 1408 apracticis

9 1439 18 1454 -,
42 1419 190 1462 distinguuntur
201 1429 226 1453 ex
236 1420 281 1454 fine.

107 1473 196 1507 Habetur
207 1475 272 1507 autem
287 1473 344 1507 etiam
359 1473 379 1506 in
393 1473 489 1507 divisione
504 1473 640 1515 Philosophiae
655 1474 756 1515 respectus
771 1472 796 1505 ad

40 1526 101 1559 finem
115 1526 205 1560 ultimum
221 1527 357 1568 universalem,
375 1526 386 1560 i.
398 1536 413 1560 e.
432 1527 457 1560 ad
474 1526 623 1568 beatitudinem,
643 1526 667 1559 ad
683 1535 741 1568 quam
755 1529 796 1558 tota

41 1580 126 1612 humana
137 1580 178 1613 vit-a
189 1579 296 1613 ordinatur.
319 1580 376 1613 Nulla
390 1580 442 1613 enim
457 1582 486 1613 est
500 1579 574 1613 homini
589 1579 626 1613 alia
640 1588 698 1613 causa
712 1579 796 1621 philoso-

41 1632 119 1674 phandi,
131 1633 169 1665 nisi
180 1635 203 1666 ut
215 1633 240 1666 sit
251 1633 325 1675 beatus,
337 1635 359 1667 ut
371 1632 417 1667 dicit
429 1633 447 1667 S.
459 1633 581 1675 Augustinus
594 1634 615 1666 10
627 1634 651 1667 de
664 1632 704 1667 Cio.
713 1632 751 1666 Dei
763 1634 795 1665 ct

41 1696 66 1719 ex
77 1686 143 1720 uerbis
150 1686 250 1720 Varronis.
271 1687 326 1721 Unde
335 1696 378 1720 cum
387 1688 461 1730 ditpiea·
468 1686 549 1720 felicitas
557 1696 568 1720 a
576 1686 698 1729 philosophis
706 1689 795 1729 ponatur,

41 1750 80 1775 nna
92 1741 252 1785 comtemplativa,
264 1741 301 1775 alia
312 1741 379 1785 activa,
392 1743 413 1776 ut
425 1743 478 1784 patet
489 1743 510 1776 10
522 1741 591 1784 Erite,
609 1741 716 1776 secundum
728 1741 795 1775 hocin

43 1797 94 1831 aaran
100 1795 166 1840 partes
173 1796 296 1841 philosophia
303 1796 397 1831 diuiditur
403 1809 407 1830 :
414 1796 433 1830 in
438 1797 537 1839 moralem,
544 1807 603 1839 quam
610 1796 714 1840 practicam
720 1799 795 1838 vocant,

41 1854 60 1884 et
71 1850 91 1884 in
103 1852 211 1885 naturalem
223 1853 242 1886 et
250 1851 368 1894 rationalem,
381 1861 430 1894 quas
439 1854 509 1886 vocant
518 1851 653 1894 speculativas.
672 1852 728 1885 Unde
736 1851 796 1885 mani-

40 1905 113 1939 festum
131 1908 165 1948 est,
186 1906 238 1948 quod
256 1906 393 1940 convenienter
410 1906 504 1939 dividitur
522 1906 601 1939 scientia
617 1905 638 1938 in
655 1906 758 1948 practicam
777 1909 796 1938 et

42 1959 185 2001 speculativam.

106 2047 133 2080 An
145 2057 206 2079 nemun
217 2056 259 2079 unco
270 2057 350 2079 nrcmnuu
361 2047 413 2088 qnod
425 2046 548 2088 particularia
556 2047 667 2088 dupliciter
675 2045 796 2079 considerari

41 2102 130 2139 possunt.
154 2100 187 2133 Vei
197 2100 218 2132 in
230 2109 255 2141 se,
268 2102 363 2142 quatenus
375 2099 500 2141 particularia
512 2099 658 2141 corruptibilia
670 2103 724 2133 sunt:
737 2102 756 2132 et
768 2099 796 2132 sic

41 2160 79 2184 non
92 2153 163 2186 cadunt
176 2154 212 2186 sub
225 2153 329 2186 scientiam.
356 2153 390 2186 Vel
404 2155 500 2194 quatenus
515 2154 562 2186 sunt
576 2153 701 2194 aaaraapiaria
716 2162 796 2194 operan-

41 2204 120 2238 dorum:
136 2208 155 2239 et
170 2205 197 2239 sic
212 2206 283 2240 cadunt
298 2207 335 2239 sub
348 2205 447 2239 scientiam
459 2206 568 2248 practicam,
583 2209 631 2248 puta
643 2206 680 2239 sub
691 2206 795 2247 moralem5

41 2260 63 2290 ut
75 2258 102 2292 sic
113 2259 165 2293 enini
177 2260 249 2293 habent
260 2260 355 2293 rationem
366 2259 525 2293 universalitatis.
548 2260 597 2299 Quia
609 2260 660 2294 enim
673 2259 795 2303 operationes

40 2312 187 2355 particularium
197 2314 247 2349 circa
252 2314 376 2358 particularia
384 2316 434 2357 sunt,
442 2323 478 2358 per
484 2315 572 2358 exempla
579 2314 702 2358 particularia
710 2324 737 2358 ea,
746 2325 795 2358 quae

41 2368 65 2402 ad
77 2378 143 2404 mores
154 2370 257 2413 pertinent,
268 2369 338 2404 melius
351 2369 505 2404 manifestantur.
714 2380 715 2383 ¹

106 2436 132 2469 ΑΒ
140 2446 222 2469 sncuruun
230 2447 310 2469 nicennuu
321 2437 374 2478 quod
384 2435 488 2478 Theologia
500 2445 538 2469 una
550 2436 636 2470 existens
646 2446 666 2470 se
675 2436 762 2470 extendit
771 2436 795 2469 ad

41 2497 67 2529 ea,
80 2498 129 2530 quae
140 2490 239 2532 pertinent
250 2491 275 2524 ad
288 2489 377 2524 scientias
389 2489 478 2524 diversas
490 2490 641 2533 philosophicas,
650 2493 736 2533 propter
745 2491 796 2524 reti-

41 2552 98 2576 ouem
113 2544 223 2587 tornantem,
242 2554 300 2587 quam
315 2544 335 2577 in
350 2544 434 2578 diversis
448 2544 535 2585 attendity
554 2554 579 2578 sc.
593 2547 653 2587 prout
668 2547 714 2578 sunt
729 2543 795 2578 divino

40 2595 113 2630 lumine
125 2597 267 2641 cognoscibilia.
290 2599 315 2632 Et
326 2598 375 2640 ideo,
386 2598 430 2631 iicet
440 2598 461 2630 in
473 2597 558 2631 scientiis
570 2597 710 2640 philosophicis
722 2598 758 2631 alia
771 2599 796 2631 sit

41 2650 164 2692 speculativa,
173 2651 210 2685 alia
218 2652 307 2693 practica,
317 2651 421 2694 Theologia
427 2653 492 2684 tamen
499 2652 536 2684 sub
543 2661 564 2684 se
571 2652 718 2694 comprehendit
723 2655 797 2685 utram-

40 2712 83 2744 quey
96 2703 146 2737 sicut
154 2705 207 2738 Deus
216 2705 283 2738 eadem
293 2704 372 2738 scientia
384 2714 405 2738 se
417 2704 516 2747 cognoscit
528 2707 547 2737 et
558 2715 585 2746 ea,
598 2715 647 2747 quae
658 2705 709 2739 facit.
729 2706 797 2747 Neque
