1846 3062
323 126 429 167 QUAESTIO
440 127 470 158 Vll
492 127 614 159 ARTICULUS
625 127 647 158 HI

174 226 238 260 Sensit
250 224 333 266 quidem,
349 224 394 266 quia
405 222 460 265 linea,
473 223 587 266 superficies
599 226 618 257 ct
629 232 700 265 corpus
713 223 814 257 variantur
825 233 861 267 per

109 280 190 313 modum
202 279 284 313 aliorum
296 278 422 312 accidentium
435 277 485 311 circa
492 278 543 312 idem
554 277 667 311 subiectum.
687 277 740 311 Sicut
749 277 800 311 enim
808 277 860 312 idem

109 334 168 367 homo
175 334 233 367 modo
242 335 271 366 est
280 332 359 373 calidus,
367 332 425 366 modo
433 332 518 375 frigidus
530 332 604 374 absque
616 341 644 374 ec,
655 332 708 375 quod
720 334 806 366 mutetur
818 333 860 366 eius

110 387 223 429 substantia,
235 386 262 420 ita
273 396 308 429 per
320 390 395 421 motum
407 386 524 420 decrementi
535 386 594 420 habet
601 385 697 420 minorem
705 386 832 428 quantitatem
842 388 861 419 et

108 452 143 484 per
158 444 233 475 motum
248 441 347 483 augmenti
365 441 458 475 maiorem
476 442 549 483 absque
567 450 595 482 eo,
613 441 665 483 quod
683 440 801 482 dependatur
819 441 861 474 eius

110 495 223 529 substantia.

173 550 260 584 Ratione
275 559 322 583 vero
336 550 387 584 idem
403 549 534 592 multipliciter
549 552 615 591 patere
631 551 701 592 potest.
724 549 773 583 Nam
784 550 859 592 prime,

109 613 176 637 omnes
189 603 320 638 dimensiones
330 607 375 638 suut
384 604 472 638 eiicsdem
481 602 555 646 speciei,
567 603 587 636 in
596 613 718 647 quacumque
726 604 807 637 materia
817 604 860 638 sint.

109 659 134 691 Et
146 661 210 692 tamen
223 658 343 692 substantiae
356 658 463 700 sensibiles,
475 661 496 692 ut
508 660 587 699 constat,
605 660 650 691 sunt
662 658 771 692 distinctae
786 657 860 700 speciei,

109 712 158 745 sicut
170 716 189 746 et
200 722 266 746 earum
279 712 353 746 lor-mae
366 712 508 747 substantiales.
528 711 624 754 Secundo,
638 715 703 746 tractus
715 713 777 746 estad
786 711 861 755 quanti-

109 770 173 808 tatem,
182 767 206 800 ad
214 766 343 800 substantiam
352 770 416 800 autem
425 767 517 801 inritatio.
531 766 599 807 Tertio,
611 765 719 800 substantia
727 769 757 799 est
764 766 861 801 sensibilis

106 830 145 862 per
157 821 259 862 accidens*
272 821 370 863 quantitas
382 830 429 854 vero
441 825 471 854 est
484 820 580 854 sensibilis
589 830 628 862 per
639 830 664 854 se.

173 896 200 929 111
212 907 320 929 lacunarium
331 907 373 929 saco
385 907 465 929 1111111111
479 897 532 939 quod
546 896 583 929 tuit
594 905 650 930 error
662 896 830 939 Pythagoreorum
842 899 861 929 et

109 950 258 992 Platonicorum,
270 955 292 984 ut
304 952 359 985 docet
367 951 498 993 Philosophus
510 951 640 993 iiletephiss.
653 960 667 984 c.
675 952 690 993 8,
703 950 861 992 existimantium,

109 1008 180 1047 puncta
189 1015 232 1039 esse
244 1005 372 1038 substantiam
383 1004 443 1038 lineae
452 1007 471 1037 et
480 1004 540 1038 lineas
551 1004 659 1046 superficiei
670 1007 688 1038 et
698 1004 811 1046 superficies
821 1014 861 1038 cor-

109 1059 168 1101 poris.
185 1060 243 1093 Falsc
251 1059 302 1092 enim
311 1059 437 1092 fundamento
445 1058 486 1091 nixi
495 1061 545 1092 sunt.
565 1059 614 1091 Nam
622 1059 663 1101 hoc,
673 1059 725 1101 quod
733 1059 861 1092 communiter

108 1113 207 1147 iuvenitur
218 1113 238 1147 in
250 1113 341 1147 omnibus
353 1117 372 1146 et
387 1112 428 1146 sine
440 1122 478 1154 quo
494 1123 526 1146 res
541 1122 584 1146 esse
596 1122 635 1146 non
647 1115 716 1155 potest,
731 1122 770 1146 non
785 1115 862 1155 oportet

109 1168 161 1210 quod
174 1167 199 1201 sit
211 1167 320 1201 substantia
331 1167 364 1209 rei,
377 1167 411 1201 sed
423 1169 487 1209 potest
498 1176 541 1201 esse
549 1166 613 1209 aliqua
621 1167 731 1209 proprietas
740 1176 861 1210 consequens

108 1221 136 1254 rei
150 1220 279 1255 substantiam
287 1221 318 1254 vel
326 1220 443 1263 principium
453 1220 582 1261 substantiae,
595 1223 617 1253 111
625 1220 719 1263 contingit
726 1220 745 1253 in
754 1221 860 1263 proposito.

109 1276 210 1315 Quantitas
223 1274 273 1309 enim
287 1275 412 1317 consequitur
424 1274 529 1317 materiam,
547 1274 596 1308 sicut
610 1274 693 1316 qualitas
707 1274 796 1317 formam,
812 1284 861 1317 quae

110 1333 154 1363 sunt
166 1329 260 1372 principia
272 1329 382 1363 essentialia
394 1329 514 1363 substantiae
527 1329 629 1363 sensibilis⁴

461 1449 550 1456 humma—a«

374 1555 495 1588 ARTICULUS
507 1555 599 1588 TERTIUS

196 1653 261 1682 braun
273 1652 315 1681 sint
328 1654 387 1682 REOTE
402 1653 516 1681 assianaran
531 1653 637 1682 nlrlslortns
651 1652 774 1687 quintianus

140 1761 150 1781 1
165 1760 234 1782 raanan
249 1760 272 1781 111
287 1760 392 1782 1101111111.
414 1749 495 1783 Videtur
510 1749 563 1792 quod
579 1759 617 1783 non
634 1749 672 1783 sint
686 1752 737 1783 recte
752 1749 862 1792 assignatae

151 1804 257 1837 divisiones
270 1804 382 1845 quantitatis
391 1803 461 1845 primo
473 1803 493 1836 111
505 1802 616 1837 continuam
628 1806 646 1837 et
655 1803 763 1844 discretam,
775 1804 861 1838 scaiman

109 1858 129 1891 in
141 1868 188 1898 eam,
201 1866 250 1900 quae
259 1860 335 1890 constat
342 1856 431 1899 partibus
440 1856 556 1899 positionem
564 1857 686 1899 habentibus,
698 1857 744 1890 etin
753 1866 800 1896 sam,
813 1866 861 1900 quae

111 1915 186 1945 constat
197 1910 287 1954 partibus
299 1911 415 1953 positionem
427 1920 466 1944 non
478 1910 600 1952 habentibus,
616 1912 673 1945 tertio
688 1910 708 1943 in
720 1914 815 1953 quantum
826 1920 862 1954 per

110 1975 130 1999 se
142 1969 161 1999 et
172 1965 192 1998 in
204 1967 299 2008 quantum
311 1975 346 2007 per
358 1964 451 1999 accidens.
472 1965 603 2007 Philosophus
615 1965 666 1998 enim
678 1965 862 2008 interamnanam

110 2019 237 2062 quantitatem
250 2019 320 2052 dividit
331 2019 351 2052 in
363 2018 516 2060 magnitudinem
529 2021 547 2052 et
559 2019 708 2053 multitudinem.
728 2019 765 2052 Sed
777 2020 824 2052 haec
835 2018 862 2052 vi-

111 2073 167 2106 detur
180 2072 280 2106 sufficiens
292 2073 368 2107 divisio.
392 2073 445 2115 Ergo
457 2082 497 2106 non
509 2072 575 2106 debuit
587 2073 685 2115 quantitas
697 2072 752 2106 aliter
764 2072 830 2107 dividi.

173 2129 188 2160 2.
201 2127 306 2166 Pamisum,
318 2127 388 2169 positio
400 2126 446 2160 facit
457 2127 635 2169 praedicamentum
647 2127 760 2161 distinctum
769 2137 780 2160 a
788 2127 863 2170 quanti-

59 2201 61 2205 ·
109 2183 156 2221 tate;
172 2181 224 2214 idem
239 2180 290 2213 enim
306 2184 335 2214 est
350 2180 426 2223 positio,
441 2181 494 2223 quod
510 2180 564 2221 situs
579 2181 632 2222 quod
644 2184 674 2215 est
684 2181 862 2223 praedicamentum

109 2234 222 2268 distinctum
234 2235 258 2268 ab
270 2234 318 2268 aliis.
342 2235 395 2278 Ergo
407 2234 456 2267 male
469 2234 563 2268 dividitur
576 2234 603 2267 sic
615 2235 718 2277 quantitas.

175 2290 189 2322 3.
202 2289 308 2327 Ρ111111111,
320 2292 394 2322 caetera
402 2288 558 2330 praedicamenta
566 2288 692 2322 accidentium
700 2298 739 2322 non
748 2289 863 2323 dividuntur

109 2341 177 2384 inpar
188 2352 208 2376 se
222 2344 241 2376 et
252 2341 272 2374 in
284 2342 433 2384 persentiens.
457 2342 495 2376 Sed
510 2351 549 2376 non
564 2345 593 2375 est
609 2342 671 2376 maior
685 2342 734 2376 ratio
749 2342 863 2385 quantitatis

109 2399 128 2428 et
140 2396 222 2429 aliorum
234 2396 440 2438 praedicamentorum.
465 2396 518 2438 Ergo
530 2398 625 2438 quantum
637 2406 676 2429 non
688 2396 745 2430 debet
758 2396 784 2430 sie
796 2397 862 2430 dividi.

176 2471 209 2505 sn
228 2481 290 2504 111111
306 2482 334 2503 111
349 2472 453 2506 auctoritas
466 2471 580 2513 Philosophi
595 2471 614 2504 in
626 2472 752 2506 Praedicare.
765 2482 779 2506 c.
791 2474 801 2507 6
813 2472 863 2506 etin

109 2526 119 2556 4
131 2525 242 2568 diatonicas.
255 2535 270 2558 c.
282 2527 303 2559 13
315 2525 420 2560 dividentis
432 2526 560 2568 quantitatem
572 2525 615 2559 istis
627 2526 691 2560 tribus
703 2526 838 2560 divisionibus.

176 2601 274 2633 Rnsroxnac
286 2612 366 2634 urrunnun
381 2602 434 2643 quod
449 2605 500 2635 recte
516 2601 610 2634 dividitur
626 2602 732 2644 quantitas:
751 2605 770 2635 et
784 2603 863 2644 quidem

106 2653 177 2694 priano
192 2654 211 2686 111
224 2653 342 2688 continuom
356 2659 375 2688 et
390 2655 503 2689 ciiscretem.
527 2655 576 2688 Nam
591 2665 653 2697 genus
668 2659 719 2690 recte
734 2656 828 2690 dividitur
843 2655 863 2688 in
