1846 3062
281 148 388 188 Quans'lio
399 150 444 181 xxa
455 155 457 158 “
468 149 590 182 annicetus
601 150 608 181 l
783 139 821 176 155

67 248 137 290 aliquis
149 256 254 289 processus
266 245 347 280 rationis
359 247 396 280 erit
407 247 541 281 necessitatem
553 247 653 288 inducens,
665 246 685 280 in
697 256 736 288 quo
745 255 784 279 non
793 247 823 279 est

68 301 160 345 possibile
172 310 215 334 esse
227 300 315 334 veritatis
327 301 429 342 deiectum,
444 305 463 334 et
479 304 619 343 consequenter
633 301 717 344 gignens
729 299 822 333 actualem

69 355 167 390 scientiam
179 354 203 388 de
215 355 280 388 rebus.

134 430 230 463 Rasrouuro
237 441 316 462 urrunnun
329 431 381 473 quod
391 431 441 464 circa
449 431 498 464 hanc
506 431 638 473 (praestionem
650 431 723 473 {inpleat
732 433 761 464 est
770 430 823 463 cendi-

67 494 153 528 qooroiu
163 483 334 526 philosophorum
347 484 423 527 opinio.

87 592 89 596 Α
133 548 193 581 Prior
205 551 234 581 cst
246 549 370 591 itepciitiiou,
385 550 427 583 dari
439 552 511 583 certam
524 549 653 592 coguitionem
663 551 682 583 et
691 548 790 583 scientiam
799 549 823 581 de

68 605 133 637 rebus.
156 602 193 641 Qui
208 602 307 636 tamenin
324 603 359 637 hac
377 613 412 637 sua
427 603 522 646 positique
541 603 620 637 diverso
636 603 763 637 iumlamento
779 612 823 644 pro-

68 659 174 691 cesserunt.

136 720 224 762 Quidum
236 721 292 764 euim,
307 724 329 756 ut
340 723 467 766 Anaxagoras
482 726 501 756 et
513 723 549 763 alii,
565 725 668 766 propterea
680 722 779 756 scientiam
791 731 823 755 ne·

67 777 145 819 gabant,
160 776 206 817 quia
218 776 311 818 dicebant,
324 780 345 809 ut
356 776 383 809 ait
395 777 526 818 Philosophus
538 779 548 810 3
560 777 672 819 Mctupliiss.
685 787 700 809 c.
712 778 727 817 5,
744 778 823 809 coiztru-

69 829 157 864 dictorici
170 839 209 863 esse
220 830 282 863 sinici
297 840 350 864 veru.
374 830 457 865 Scieutia
472 833 541 872 tamen,
557 834 579 864 ut
591 831 661 864 dicitur
673 833 682 863 1
694 831 768 864 Postea.
781 840 795 862 c.
808 832 823 869 2,

68 887 98 917 θεῖ
109 884 193 926 acceptio
206 885 353 918 determinatae
364 884 431 927 partis,
448 885 494 927 quia
505 884 597 919 nimirum
610 884 755 925 demonstratio,
768 883 823 918 cuius

68 940 97 971 est
109 938 195 980 eiiectus,
211 948 250 972 non
265 939 323 972 habet
337 939 388 973 viam
405 939 442 973 nisi
458 939 562 973 adrerum
575 939 755 979 demonstrandum,
770 938 823 980 quod

69 992 101 1026 uni
114 994 189 1026 tautum
201 993 252 1035 parti
264 992 421 1027 contradictionis
437 993 492 1027 inest.
516 994 539 1027 In
555 1003 596 1027 eam
612 1003 659 1027 vero
674 992 784 1035 opinionem
800 1002 823 1026 cx

69 1047 110 1080 sola
122 1047 246 1089 dubitatione,
262 1050 283 1081 ut
295 1047 358 1090 inquit
370 1048 501 1091 Philosophus
513 1048 593 1090 ibidem,
607 1047 700 1091 praedicti
712 1047 824 1089 philosophi

68 1100 182 1142 inciderunt,
189 1102 241 1144 quod
249 1111 273 1136 so.
281 1102 357 1136 solvere
363 1102 475 1136 nesciebant
482 1102 607 1145 sophisticam
613 1102 718 1145 quamdam
723 1101 823 1140 rationem,

68 1166 93 1189 cx
105 1165 143 1198 qua
155 1155 198 1189 talis
211 1155 282 1198 positio
295 1157 349 1199 sequi
365 1156 402 1190 illis
415 1156 523 1190 ridebatur.
548 1156 596 1191 Cum
609 1156 659 1190 enim
672 1165 696 1189 ex
707 1156 772 1198 aliquo
784 1165 824 1189 uno

69 1210 158 1243 viderent
175 1209 219 1244 iieri
233 1211 334 1253 contraria,
352 1214 374 1245 ut
388 1221 412 1245 ex
427 1221 477 1253 alpia
495 1214 513 1245 et
528 1212 598 1252 aerem,
616 1211 649 1253 qui
663 1213 693 1244 est
707 1210 786 1252 calidus,
805 1213 824 1243 et

68 1268 146 1306 terram,
162 1274 211 1307 quae
226 1268 255 1299 est
269 1265 346 1308 frigida,
361 1267 380 1299 et
395 1275 451 1299 omne
466 1266 519 1308 quod
533 1265 561 1307 fit,
577 1265 620 1298 iieri
635 1265 720 1299 dicerent
731 1275 755 1298 ex
767 1264 823 1307 prius

68 1318 167 1360 existente,
183 1319 228 1352 inde
246 1319 366 1362 colligebant,
384 1323 479 1362 oportere,
495 1320 547 1363 quod
563 1329 595 1353 res
613 1319 672 1353 tuerit
690 1319 747 1353 sinml
765 1319 784 1352 in
803 1329 823 1352 se

69 1373 142 1406 habens
148 1373 328 1415 contradictionen1;
335 1373 380 1417 quia
388 1374 404 1408 si
411 1384 435 1408 ex
440 1384 479 1407 uno
486 1377 504 1407 et
511 1375 578 1408 eodem
584 1374 607 1406 iit
612 1373 695 1408 calidum
700 1376 719 1407 et
723 1373 823 1415 trigidum,

69 1436 104 1468 per
116 1437 237 1469 consequens
249 1427 272 1461 fit
284 1428 367 1461 calidum
379 1430 398 1461 et
410 1438 448 1461 non
461 1428 549 1461 calidum.

134 1493 220 1526 Duobus·
229 1496 293 1526 autem
308 1493 372 1526 modis
386 1493 473 1526 solidior
487 1493 533 1527 haec
549 1493 598 1526 ratio
611 1504 621 1526 a
633 1493 757 1534 Philosopho,
772 1493 824 1526 unde

68 1546 158 1580 falsitatis
170 1547 287 1589 praedictam
301 1547 417 1590 positionem
429 1547 503 1590 arguit:
519 1557 559 1581 terto
572 1548 629 1581 modo
642 1547 713 1588 dicens,
728 1546 824 1589 quidquid

69 1600 97 1641 iit,
112 1600 156 1634 lieri
171 1601 250 1643 quidem
266 1611 290 1634 ex
301 1601 356 1644 prius
369 1601 468 1643 existente,
485 1601 519 1635 sed
531 1602 552 1635 iit
562 1601 661 1644 potentio,
678 1603 793 1634 nouantem
805 1601 825 1633 in

68 1657 117 1696 actu,
133 1657 151 1688 et
167 1654 193 1689 sic
208 1665 247 1689 uon
263 1655 318 1698 sequi
332 1655 352 1688 in
367 1655 434 1689 eodem
451 1664 494 1689 esse
509 1654 662 1689 contradictoria.
686 1655 754 1689 Altero
766 1655 824 1688 modo

69 1709 132 1751 sobrii,
149 1709 220 1751 dicens,
237 1710 289 1752 quod
305 1710 373 1743 saltem
389 1710 446 1743 datur
458 1709 522 1752 aliqua
535 1709 644 1744 substantia
656 1709 794 1752 ingenerabilis
806 1712 824 1743 et

68 1763 227 1806 incorruptibilis,
245 1764 264 1797 in
282 1774 320 1806 qua
337 1774 376 1798 non
395 1767 440 1797 sunt
457 1764 553 1797 contraria
570 1767 588 1798 et
603 1765 626 1797 de
644 1773 682 1806 qua
700 1766 765 1805 potest
782 1773 825 1797 esse

70 1817 153 1852 scientia.

134 1871 178 1906 Alii
185 1882 237 1913 vero,
244 1875 265 1905 ut
270 1872 404 1914 Empedocles,
412 1872 534 1906 Democritus
541 1875 559 1905 et
566 1872 602 1913 alii,
609 1882 651 1906 aicit
655 1875 752 1914 ponentes
759 1873 823 1906 calicem

71 1926 124 1960 ricem
140 1926 298 1969 coquoscitiuom
310 1928 393 1969 praeter
411 1936 490 1960 sertatim
509 1936 572 1968 neque
586 1926 658 1968 aliquo
674 1926 729 1960 critic
741 1929 825 1968 praeter

68 1981 180 2023 sensibilia,
194 1980 283 2015 similiter
294 1980 391 2023 dixerunt,
404 1981 476 2014 nullam
486 1980 620 2014 certitudinem
633 1980 656 2014 de
665 1980 746 2014 rcritate
758 1990 824 2014 rerum

69 2045 80 2068 a
95 2034 152 2069 nobis
170 2035 238 2069 haberi
255 2044 313 2077 posse
331 2034 443 2077 nullamque
461 2034 566 2068 scientiam.
591 2034 615 2068 Et
632 2035 668 2068 hoc
682 2037 763 2077 propter
778 2035 824 2068 ciazo.

69 2089 137 2123 Primo
150 2089 234 2132 quidem,
246 2089 292 2131 quia
300 2090 398 2132 ponebant
407 2088 506 2122 sensibilia
516 2098 593 2130 semper
602 2088 622 2121 in
631 2089 693 2123 t'luxn.
713 2089 769 2128 erod
778 2098 825 2123 vero

69 2143 130 2176 estin
142 2144 233 2178 continuo
245 2143 306 2184 fluxu,
321 2143 376 2185 prius
388 2143 465 2183 labitur,
481 2153 539 2185 quam
552 2146 615 2177 mente
628 2142 749 2177 diimlicetur.
773 2143 825 2177 Siout

70 2196 180 2232 Heraclitus
192 2198 246 2240 dixit,
261 2198 313 2240 quod
328 2207 367 2231 non
379 2200 409 2231 est
421 2197 519 2240 possibile,
535 2197 604 2239 aquam
617 2197 674 2231 ilurii
686 2197 782 2231 currentis
794 2197 825 2231 his

69 2256 154 2294 tangere,
166 2253 197 2285 vel
209 2251 307 2286 hominem
319 2252 350 2285 bis
362 2252 386 2286 de
395 2252 461 2285 eadem
471 2261 491 2284 re
500 2251 558 2294 loqui,
571 2252 610 2284 imo
622 2261 657 2285 nec
666 2251 729 2292 semel,
742 2254 760 2284 et
772 2252 825 2293 quod

69 2315 108 2338 non
121 2311 166 2340 sunt
178 2317 210 2340 res
222 2306 289 2341 verbis
301 2306 436 2347 ostendendae,
450 2305 484 2339 sed
493 2305 559 2348 digito,
572 2308 593 2339 ut
605 2305 654 2339 dixit
664 2306 760 2347 Oratylus,
772 2306 825 2348 quod

69 2359 160 2394 ninnium
175 2360 247 2394 veritas
259 2360 339 2395 dicenda
351 2361 406 2403 prius
418 2359 515 2401 transiret,
528 2370 587 2402 quam
596 2359 657 2393 oratio
665 2360 717 2393 illam
727 2359 825 2401 explicans

69 2414 164 2456 finiretur,
177 2415 263 2449 inemori
275 2424 322 2448 vero
333 2415 395 2457 spatio
407 2414 480 2457 digitus
491 2417 608 2448 moveretur
631 2414 727 2456 Secundo,
742 2414 787 2456 quia
799 2414 826 2447 in·

69 2468 175 2502 veniuntur
181 2470 231 2503 circa
237 2470 289 2503 idem
296 2469 491 2512 aliquidivcrsimode
498 2469 611 2509 iudicantes,
619 2468 667 2502 sicut
674 2469 729 2502 aliter
736 2468 825 2512 vigilans,

69 2521 125 2556 aliter
136 2523 241 2563 dormiens,
253 2527 272 2557 et
284 2524 339 2557 aliter
348 2523 445 2564 infirmus,
458 2526 477 2556 et
485 2523 540 2556 aliter
549 2532 614 2556 sanus,
634 2523 672 2556 Nec
680 2525 745 2565 potest
753 2523 826 2565 aliquid

69 2576 134 2619 accipi,
149 2587 187 2620 quo
199 2577 327 2619 discernatur,
343 2577 387 2620 quis
400 2578 470 2611 horum
487 2576 553 2611 verius
568 2577 670 2617 existimet,
686 2587 729 2610 cum
745 2577 826 2619 quilibet

69 2629 153 2672 aliquam
167 2631 313 2666 similitudinem
325 2632 413 2666 veritatis
425 2632 500 2665 habeat.
523 2631 578 2665 Unde
591 2631 736 2670 concludebant,
750 2631 771 2665 id
783 2641 826 2665 esse
841 2658 843 2661 .

69 2693 144 2726 rerum,
156 2686 209 2728 quod
221 2686 299 2720 cuilibet
311 2685 396 2729 apparet.
