1846 3062
278 152 385 194 QUAESTIO
396 153 433 185 XIV
455 153 577 187 ARTICULUS
588 154 596 185 l
776 144 814 180 llll

61 254 125 289 unitas
137 254 202 286 autem
214 261 249 293 per
261 251 426 293 compositionem,
442 254 489 293 puta
501 261 535 294 per
547 251 639 293 aerbnnc;
654 253 673 285 et
687 259 816 293 unaquaeque

61 318 100 342 vox
112 306 195 348 simplex
206 305 303 339 tornatur
312 306 337 339 ad
345 305 494 348 exprimendum
504 305 611 348 simplicem
620 308 740 347 conceptum.
760 305 816 339 Unde

61 359 170 396 necessario
182 359 284 393 dicendum
297 362 332 402 est,
344 359 364 393 in
376 359 507 393 enuntiatione
518 359 597 393 mentali
606 362 645 394 tres
654 359 712 394 etiam
720 369 763 393 esse
773 368 816 393 con-

61 417 128 457 ceptus
145 414 286 455 respondentes
301 413 348 447 illis:
367 423 450 456 quorum
465 414 541 456 primus
553 417 652 456 tamquam
665 413 772 447 similitudo
788 413 816 447 rei

61 470 194 511 repraesentat
209 467 322 509 subiectum,
338 468 435 501 secundus
450 467 578 501 actualitatem
594 467 707 510 simpliciter
723 477 758 501 seu
773 477 817 501 esse

61 524 81 557 iu
92 524 141 562 actu,
156 524 175 555 et
189 521 258 555 tertius
270 521 408 563 praedicatum.
431 521 556 556 Manifestum
571 524 601 556 θεῖ
615 521 672 564 enim,
689 523 742 565 quod
757 523 816 556 leontio

61 580 80 611 et
92 576 151 611 albas
164 578 210 609 sunt
220 576 272 609 idem
286 575 371 609 subiecto
384 578 402 609 et
414 575 508 609 differunt
520 575 603 617 ratione3
616 576 653 609 alia
664 576 716 609 enim
728 578 758 609 est
766 575 816 609 ratio

61 630 145 665 hominis
158 632 177 664 et
188 629 224 664 alia
235 630 285 664 ratic
297 629 340 664 albi.
360 629 412 663 Huic
423 639 470 663 vero
483 629 596 671 diversitati,
608 640 658 672 quae
670 633 699 664 est
709 630 816 664 secuudum

61 685 161 727 rationem,
173 683 279 726 respondet
290 683 391 727 pluralitas
400 684 505 726 praedicati
513 686 532 717 et
542 683 627 727 subiecti,
639 684 759 718 identitatem
769 693 816 718 vero

61 739 90 773 rei
102 738 199 782 significat
210 738 318 772 intellectus
331 747 366 781 per
378 737 441 781 ipsam
454 738 619 780 compositionem.

127 803 223 846 Secctndo,
237 813 259 837 ca
269 803 316 846 ipsa
328 803 473 846 compositione
484 804 573 845 nceiitatt,
592 813 650 846 quam
662 804 745 838 involvit
758 814 817 838 enun-

62 858 115 892 tiatio
126 857 221 891 mentalis.
245 857 274 891 Ea
285 856 336 891 enim
349 857 391 891 sive
403 856 496 891 consistat
507 857 527 890 iu
540 857 650 891 successiva
662 857 817 900 apprehensione

63 911 143 946 subiecti
159 914 178 945 et
192 911 297 954 praedicati
311 914 333 945 ut
347 911 469 946 inexistentis
486 912 581 952 subiect03
600 911 641 946 sive
658 912 679 945 in
696 911 817 946 ordinatione

62 967 120 1000 unius
135 967 239 1008 conceptus
254 966 278 999 ad
293 966 384 1006 atterum,
401 965 442 999 sive
456 966 476 999 in
491 966 635 1007 comparatione
649 965 708 999 unius
724 965 817 1009 simplicis

62 1022 166 1062 conceptus
177 1020 202 1053 ad
214 1020 301 1061 alterum,
313 1029 352 1062 qua
364 1019 516 1062 apprehenditur
528 1019 559 1053 vel
571 1019 685 1061 compositio
697 1022 716 1053 et
726 1019 817 1053 identitas

62 1083 134 1116 rerum,
146 1083 230 1117 quarum
242 1076 288 1107 sunt
299 1076 408 1116 conceptus,
422 1074 452 1107 vel
464 1073 568 1107 diversitas
580 1073 697 1114 earundenn
710 1074 780 1108 sivein
789 1083 818 1106 1θ-

62 1128 152 1162 ductione
164 1128 249 1161 duorum
261 1131 388 1170 conceptuum
400 1127 420 1160 in
430 1137 491 1161 unum
499 1137 535 1170 per
542 1127 623 1161 modum
632 1127 779 1170 compositionis
787 1127 818 1162 vel

63 1181 191 1216 diversitatis:
203 1181 313 1215 necessario
325 1182 407 1215 involvit
418 1184 458 1215 tres
467 1181 576 1224 praedictos
585 1185 694 1224 conceptus.
715 1182 764 1215 Nam
776 1192 818 1215 snc-

63 1236 138 1270 ccasiaa
144 1236 278 1278 apprehensio
282 1235 381 1277 pinciana,
389 1245 431 1268 cum
440 1235 640 1269 denctetintellectum
647 1236 674 1268 sic
678 1235 817 1278 intelligentem

63 1290 115 1323 exire
130 1290 154 1323 de
168 1289 254 1331 potentia
268 1289 288 1322 in
304 1292 366 1323 actum
382 1292 401 1322 et
415 1299 454 1323 non
470 1289 534 1323 statim
549 1289 570 1322 in
584 1289 648 1332 prima
663 1289 817 1332 apprehensione

63 1343 128 1377 omnia
142 1345 296 1385 cognoscentem,
313 1343 394 1376 includit
411 1344 477 1385 plures
493 1346 596 1386 conceptus
613 1346 632 1376 et
647 1343 817 1385 apprehensiones,

63 1406 122 1430 unam
130 1400 175 1439 post
183 1396 245 1430 aliam.
269 1396 378 1431 Ordinatio
387 1399 456 1437 autem,
469 1396 519 1430 sicut
527 1400 546 1430 ct
554 1397 607 1439 ordo,
620 1407 664 1430 cum
671 1397 692 1430 in
701 1407 736 1430 sua
744 1396 818 1430 ratione

63 1451 151 1485 involvat
164 1451 259 1484 rationem
274 1451 347 1493 prioris
362 1453 380 1484 θῖ
395 1451 516 1493 posterioris,
531 1451 675 1485 distinctionem
687 1454 706 1484 et
717 1451 818 1494 originem,

64 1505 111 1538 haec
122 1505 189 1538 eadem
201 1504 284 1539 involvit
295 1505 315 1538 iu
327 1504 457 1547 conceptibus,
470 1505 504 1547 qui
512 1514 547 1546 per
555 1505 707 1539 enuntiationem
715 1505 818 1538 mentalem

64 1558 179 1592 ordinantur
191 1561 210 1592 et
222 1562 371 1600 componuntur.
395 1559 420 1591 Et
431 1558 483 1592 idem
494 1561 547 1601 patet
559 1559 583 1592 de
595 1559 749 1601 caniparatione
760 1561 779 1592 et
790 1569 819 1592 re·

64 1612 158 1646 cinctione
166 1613 261 1655 ptnrinm
277 1612 300 1646 in
311 1622 380 1646 cicinni.
404 1613 452 1646 Nam
468 1613 512 1646 talis
528 1613 645 1655 comparatio
662 1615 681 1646 et
695 1613 782 1646 reductio
796 1613 820 1646 iit

64 1675 99 1707 per
116 1666 258 1699 ordinationem
274 1668 293 1699 et
307 1666 472 1709 compositionem,
490 1676 540 1709 quae
557 1666 667 1700 necessario
682 1667 769 1709 plurium
785 1670 819 1707 est,

65 1718 115 1752 sicut
129 1721 148 1752 et
163 1719 238 1753 divisio.
262 1720 317 1753 Unde
329 1720 437 1753 intellectus
449 1723 468 1753 et
479 1722 544 1761 potest
556 1719 683 1753 transmutari
694 1720 820 1763 intelligendo

65 1773 88 1806 de
100 1776 155 1815 parte
166 1773 187 1805 in
198 1776 280 1815 partem,
292 1776 313 1807 ut
325 1773 351 1807 ait
360 1774 491 1815 Philosophus
504 1775 524 1807 11
537 1774 649 1816 Metaphps.
662 1783 677 1807 c.
689 1775 704 1814 9,
716 1777 820 1816 propterea

64 1835 143 1869 negans,
155 1827 273 1860 intellectum
285 1827 374 1860 divinum
386 1827 493 1870 quidquam
505 1837 564 1869 posse
575 1828 682 1870 intelligere
695 1837 730 1870 per
738 1828 819 1862 modum

64 1879 171 1913 intellectus
184 1880 290 1922 ocinpcsiti.
620 1879 622 1882 ’

129 1977 156 2009 An
171 1986 278 2008 lnttuusurm
293 1986 335 2009 anco
350 1987 430 2009 nitzeunuu
447 1978 500 2020 quod
518 1987 562 2012 cum
576 1977 677 2013 indiciam
692 1978 785 2012 consistat
800 1978 820 2011 in

65 2030 218 2072 apprehensione
227 2029 255 2063 rei
263 2033 284 2063 ut
292 2031 312 2063 in
321 2040 346 2071 se,
359 2030 473 2074 aliqnando
482 2034 512 2065 est
519 2042 571 2066 unus
580 2035 634 2066 actus
642 2033 731 2075 simplet,
742 2033 820 2074 quaudo

64 2083 121 2116 unica
128 2083 282 2126 apprehensione
291 2086 356 2127 potest
364 2085 408 2127 quis
417 2094 533 2127 cognoscere
541 2089 560 2118 et
568 2095 600 2119 res
608 2089 627 2119 et
635 2086 740 2119 accidentia
748 2086 820 2129 ipsius:

65 2138 162 2179 quontodo
174 2137 235 2171 estin
244 2138 290 2180 Deo,
303 2139 337 2181 qui
349 2139 448 2182 cognoscit
460 2149 496 2182 pet·
508 2139 615 2182 simplicem
627 2140 774 2183 intelligentiam
787 2151 821 2179 sen

65 2190 183 2232 simpliciter,
196 2192 237 2225 siue
249 2193 287 2225 ulla
299 2193 447 2234 comparatione,
460 2193 600 2235 compositione
611 2197 630 2227 et
638 2194 754 2228 formatione
763 2204 822 2228 enun-

65 2244 155 2287 tiationis,
164 2246 198 2288 qui
205 2248 309 2288 propterea
317 2256 356 2280 non
366 2246 436 2281 dicitur
444 2256 560 2290 componere
566 2250 585 2282 et
591 2247 697 2282 enuntiare.
709 2248 821 2282 Intellectus

65 2299 116 2332 euim
134 2298 213 2334 divinus
230 2309 266 2343 per
284 2301 365 2335 eandem
385 2301 469 2344 speciem
486 2303 608 2345 eundemque
626 2305 740 2345 conceptum
758 2305 821 2337 totum

65 2353 187 2395 enuntiabile,
204 2354 253 2388 sicut
267 2358 302 2397 est,
318 2356 421 2397 cognoscit,
436 2358 484 2397 puta
498 2359 517 2389 et
532 2356 641 2389 subiectum
656 2360 674 2389 et
689 2356 785 2398 quidquid
797 2358 821 2389 ab

65 2406 97 2440 illo
109 2408 207 2440 removeri
221 2411 286 2450 potest
297 2411 316 2442 et
328 2409 345 2442 ei
357 2409 442 2443 attribui.
465 2409 583 2451 Aliquando
597 2419 644 2443 vero
656 2413 686 2443 est
700 2412 755 2443 actus
771 2420 823 2443 corti-

63 2459 135 2501 pieans
147 2470 181 2494 seu
194 2462 314 2504 compositus
327 2463 457 2506 expluribus,
471 2465 549 2506 quando
562 2474 587 2498 sc.
599 2473 634 2506 per
646 2464 702 2497 aliam
715 2464 822 2506 apprehen·

67 2511 140 2546 sionem
153 2515 306 2556 apprehenditur
317 2527 350 2551 res
362 2519 424 2561 etper
436 2517 492 2551 aliam
504 2517 592 2552 accidens
604 2517 656 2552 illius
668 2519 686 2551 et
697 2527 733 2560 per
745 2517 822 2552 tertiam

66 2566 186 2602 reducuntur
197 2568 230 2603 illa
241 2569 280 2604 duc
292 2570 312 2604 in
324 2581 390 2606 unum.
411 2571 435 2605 m
447 2572 483 2606 hcc
494 2572 553 2605 modo
564 2571 588 2605 iit
595 2571 688 2605 iudicium
696 2572 717 2604 in
724 2572 823 2606 intellectu

66 2623 139 2664 nostro,
153 2622 187 2664 qui
199 2624 298 2666 cognoscit
310 2626 446 2669 comparative,
459 2626 565 2668 composite
577 2629 596 2659 θῖ
607 2635 642 2668 per
654 2627 736 2660 modum
748 2628 823 2660 enunti-

66 2675 127 2718 abilis,
133 2676 181 2709 illud
187 2676 280 2712 nimirum
288 2689 407 2722 cognoscens
413 2681 517 2722 pervarias
524 2680 597 2722 species
603 2680 708 2723 variosque
713 2685 823 2724 conceptus,
