1846 3062
132 131 157 167 92
352 137 458 179 QUAESTIO
470 138 500 170 ΧΠ
522 137 644 171 ARTICULUS
655 138 670 170 ll

129 237 203 279 primo,
220 236 265 279 quia
277 245 404 278 unaquaeque
415 245 447 269 res
459 235 571 269 nominatur
583 236 607 269 ab
619 245 647 277 eo,
660 235 712 277 quod
724 238 754 269 est
765 235 785 268 10
796 235 840 278 ipsa
851 245 885 270 no-

133 291 205 325 bilitas:
217 291 269 333 quod
281 292 311 324 est
322 289 406 323 essentia
418 290 451 323 rei.
471 290 568 332 Secundo,
581 289 627 332 quia
635 289 713 323 uomina
725 289 853 331 imponuntur
861 299 885 323 ex

132 344 284 387 proprietatibus
302 353 374 377 rerum.
397 343 525 377 Nomiuamus
543 344 594 377 enim
612 343 689 386 aliquid,
708 343 815 378 secundum
832 344 885 387 quod

132 399 179 432 illud
197 397 337 441 cognoscimus.
364 397 505 432 Substantiam
523 408 568 431 acro
586 398 617 432 rei
635 398 771 440 copttoseimtts
789 408 810 432 cc
827 398 885 432 illius

129 452 291 495 proprietatibus
300 455 318 485 ct
327 452 465 486 occidentibus
473 452 608 486 anterioribus.
621 452 676 486 Unde
685 461 709 485 011
717 451 748 485 his
756 452 885 486 substantiam
894 491 896 494 Α

131 506 260 540 nominamus.
273 506 304 540 Sic
310 517 327 540 v.
331 516 349 549 g.
355 506 484 540 substantiam
490 506 560 549 lapidis
566 516 590 541 ex
596 506 637 540 cius
644 506 762 548 proprietate
769 515 885 549 cognoscere

131 570 238 602 possumus
248 561 355 594 secundum
364 560 453 602 seipsam,
463 560 540 594 sciendo
549 561 595 603 qnid
604 563 634 594 est
639 561 693 603 lapis.
711 561 766 594 Unde
772 561 808 594 hoc
814 570 885 594 nomen

133 615 187 657 tirpts
196 614 258 656 ipsam
268 615 310 647 eins
318 617 413 656 naturam,
427 616 533 649 seeundum
542 615 595 657 quod
602 615 623 648 in
631 624 652 648 se
660 618 695 657 est,
706 615 756 649 clare
768 618 786 648 et
796 614 885 648 distincte

132 668 234 711 signifieat.
258 668 358 711 Significat
375 668 425 701 enim
443 669 575 702 definitionem
590 669 665 711 lapidis,
683 679 719 711 per
734 679 793 712 quam
808 669 885 710 scimus,

132 722 178 764 quid
191 725 220 756 est
232 722 286 764 lapis.
310 723 365 756 Ratio
378 723 434 763 enim,
450 732 509 765 quam
522 723 619 765 significat
631 733 706 764 nomen,
719 726 749 756 est
760 723 852 764 definitio,
864 725 886 767 ut

132 775 202 809 dicitur
214 778 224 809 3
236 777 347 819 lfeicpbps.
361 786 375 810 c.
387 777 403 810 8.

188 830 223 863 1111
235 840 304 862 10111011
315 841 396 862 nmmum
410 831 463 873 quod
478 830 523 872 quia
539 830 642 864 essentiam
656 830 690 864 Dei
705 830 725 863 111
740 831 775 864 hae
789 830 829 864 vita
843 840 886 873 cog·

132 893 212 917 noscere
219 894 258 917 uon
264 894 371 926 possumus
378 885 485 918 secundum
492 885 544 927 quod
551 884 570 918 in
578 894 598 918 se
605 887 639 925 est,
649 884 682 917 sed
690 884 742 918 illam
750 884 886 927 cognoscimus

133 939 238 972 secundum
252 939 304 980 1111011
319 941 476 980 repraesentatur
491 938 511 971 10
523 938 674 980 perfectionibus
690 940 828 979 creaturarum,
842 938 886 972 ideo

132 991 211 1025 nomina
226 1002 237 1025 a
251 992 308 1026 nobis
323 993 363 1026 Deo
379 992 470 1034 imposita
485 992 539 1025 illum
554 992 666 1034 imperfecte
685 991 800 1034 significant,
818 994 836 1026 et
851 1001 886 1034 per

132 1055 253 1088 consequens
271 1046 356 1080 divinam
376 1046 505 1080 substantiam
523 1045 638 1088 significant,
656 1045 768 1087 imperfecte
785 1048 850 1079 tamen
867 1048 886 1079 et

132 1100 220 1140 obscure,
233 1100 283 1133 sicut
294 1103 313 1134 et
324 1104 423 1133 creaturae
435 1100 547 1142 imperfecte
559 1109 600 1132 eam
613 1102 764 1141 repraesentant.
784 1099 839 1133 Unde
848 1109 887 1142 pet·

132 1154 214 1187 1110111011
224 1154 348 1196 abrincatina,
359 1154 488 1188 carnalitatis
498 1153 639 1196 ct'ttepotionis
647 1163 717 1187 11011100
728 1154 781 1188 Deus
790 1153 887 1196 significat

132 1209 221 1240 naturam
242 1207 337 1248 divinam3
355 1207 469 1249 impositum
489 1208 539 1240 enim
558 1210 587 1240 est
605 1208 628 1240 ad
646 1207 719 1249 aliquid
736 1207 886 1249 significandum

133 1270 192 1302 super
204 1260 268 1294 onmia
280 1261 371 1303 existens,
389 1261 441 1303 quod
453 1264 483 1294 est
495 1260 612 1303 principium
624 1261 711 1294 oninium
723 1263 742 1295 et
753 1264 850 1295 remotum
862 1262 886 1294 ab

132 1314 229 1348 omnibus.
253 1315 278 1348 Et
293 1315 350 1348 simili
365 1316 423 1349 modo
441 1324 512 1348 nomen
530 1315 565 1357 qni
583 1317 613 1356 cst,
633 1315 686 1357 quod
702 1318 732 1348 est
747 1315 786 1348 Deo
801 1315 887 1348 nzaaz'mc

130 1369 245 1411 propriam,
258 1368 345 1402 nominat
357 1368 443 1402 divinam
456 1368 560 1402 essentiam
573 1371 591 1402 et
602 1369 668 1411 ipsum
676 1369 757 1411 pelagus
767 1367 886 1402 substantiae

132 1421 225 1455 infinitae.

387 1670 508 1703 ARTICULUS
520 1670 630 1702 SECUNDUS

155 1767 216 1795 arnoll
230 1767 303 1795 nonina
318 1767 340 1795 tr
355 1767 416 1795 VERBA
430 1767 536 1795 infernmum
550 1767 668 1796 smmmonm
682 1767 786 1796 CONGEPTUS
800 1767 864 1795 RERUM

163 1876 173 1896 11
185 1874 267 1896 sacurem
279 1875 302 1896 sic
316 1874 421 1896 rnoesnrrun.
444 1863 525 1897 Videtur
540 1864 592 1906 quod
607 1864 685 1897 nomina
700 1867 718 1897 et
730 1864 791 1897 verba
802 1873 841 1898 non
853 1864 888 1897 im·

134 1877 160 1948 A
175 1918 257 1952 mediate
273 1917 383 1960 significent
398 1921 507 1960 conceptus,
523 1919 557 1951 sed
572 1928 609 1951 res.
632 1918 681 1951 Nam
693 1917 741 1951 illud
754 1917 887 1960 significamus

133 1973 220 2013 uocibus,
233 1972 285 2014 quod
296 1971 428 2014 intelligimus,
441 1976 460 2005 et
471 1975 612 2013 consequenter
623 1971 671 2004 illud
679 1971 743 2013 primo
754 1971 887 2014 significamus

133 2036 168 2068 per
180 2035 256 2066 nomeu,
269 2024 321 2067 qiiod
333 2025 397 2067 primo
409 2035 444 2067 per
455 2025 503 2059 illud
515 2025 646 2068 intelligimus.
671 2025 708 2059 Sed
720 2026 772 2067 quod
784 2025 848 2067 primo
860 2025 888 2059 111-

133 2080 243 2121 telligimus,
256 2083 286 2112 est
297 2088 334 2112 res.
359 2079 412 2122 Ergo
424 2088 482 2112 uoces
494 2078 558 2121 primo
570 2082 589 2112 et
600 2079 711 2112 innnediate
723 2078 834 2122 significant
850 2089 887 2113 res.

198 2135 213 2166 2,
231 2133 337 2171 Pmarunm,
355 2132 434 2166 scientia
448 2135 478 2166 est
493 2133 517 2166 de
528 2133 593 2174 rebus,
608 2133 683 2166 nonde
696 2133 825 2174 conceptibus,
849 2133 887 2167 Sed

133 2196 191 2221 voces
199 2187 309 2220 immediate
317 2190 336 2219 et
344 2187 407 2228 primo
418 2186 528 2229 significant
536 2186 588 2228 illud,
600 2186 623 2219 de
632 2196 671 2228 quo
680 2186 779 2220 scientiam
787 2186 887 2220 habemus.

134 2241 187 2283 Ergo
200 2250 257 2274 1100οε
269 2240 379 2274 immediate
391 2245 410 2273 et
421 2240 486 2283 primo
498 2239 609 2283 significant
621 2249 658 2273 res.

200 2316 233 2350 Sm
248 2326 311 2348 eon-rna
324 2326 352 2347 rsa
367 2317 419 2359 quod
431 2316 563 2359 Philosophus
576 2318 583 2349 l
596 2316 704 2350 Pariter-m.
717 2325 731 2349 o.
744 2318 753 2349 1
769 2316 819 2358 dicit,
835 2317 887 2359 quod

134 2380 191 2405 voces
204 2370 243 2404 sint
256 2370 312 2414 signa
323 2370 459 2412 intellectuum,
472 2373 490 2404 et
498 2370 606 2404 intellectus
616 2373 661 2404 sunt
671 2369 807 2404 similitudines
815 2380 887 2404 rerum.

199 2447 297 2480 Rrsromno
307 2457 386 2479 niernum
394 2447 446 2489 quod
454 2456 533 2481 necesse
542 2450 572 2480 est
581 2445 649 2487 dicere,
657 2446 709 2488 quod
717 2447 796 2480 nomina
802 2450 821 2480 et
827 2448 888 2481 verba

134 2501 245 2545 significant
256 2511 288 2535 res
300 2505 319 2535 et
330 2501 447 2535 intellectus:
465 2502 498 2535 sed
511 2502 547 2535 hos
559 2500 674 2542 immediate,
686 2501 729 2535 illas
741 2511 788 2535 vero
800 2501 888 2535 mediate.

133 2556 162 2589 Ad
179 2556 233 2590 cuius
249 2556 423 2589 manifestationem
440 2555 587 2598 intelligendum
603 2557 634 2588 est
646 2555 720 2598 primo,
740 2556 792 2599 quod
809 2556 888 2589 nomina

135 2610 245 2653 significant
257 2621 287 2644 res
300 2613 318 2644 et
329 2611 447 2644 intellectus.
467 2610 538 2644 Postea
551 2613 614 2643 autem
627 2612 691 2651 potest
702 2610 828 2644 manifestum
839 2609 888 2649 fieri,

134 2664 186 2705 quod
199 2664 309 2706 significant
321 2675 351 2699 res
363 2664 454 2706 rttcdc'otc,
469 2667 574 2707 cottccptcs
587 2673 634 2697 vero
646 2664 767 2698 1011110ιί1010.
