1846 3062
294 174 401 215 Quunsrlo
412 174 442 206 Xll
464 174 586 207 ARTlCULUS
597 174 612 206 ll
805 163 830 201 93

142 274 167 306 Εῖ
179 272 256 315 quidem
270 273 322 316 quod
334 271 412 306 nomina
425 271 535 315 significant
546 282 577 306 res
589 272 650 315 tyrsos.
665 270 789 305 manifestum
802 273 832 304 θεῖ

76 337 101 361 ex
113 327 183 361 tribus.
204 327 277 368 Princo,
291 336 315 360 ex
324 327 403 369 origine
412 325 542 369 impositionis
550 326 640 360 nominis.
660 325 772 368 Imponitur
780 325 831 358 enim

76 391 147 415 nomeu
159 382 183 415 ab
195 391 222 422 eo,
234 391 269 423 per
281 381 334 424 quod
346 391 378 414 res
390 381 518 423 cognoscitur,
533 383 580 423 puta
592 391 603 413 a
614 380 733 423 proprietate
746 379 776 413 vel
788 389 832 422 ope·

76 435 156 477 ratione,
172 435 189 469 si
203 436 316 469 humanitus
330 436 448 477 imponatur,
465 435 516 468 unde
528 435 637 469 necessario
650 435 707 468 debet
718 444 760 468 rem
774 433 832 477 signi·

75 489 140 523 ficare.
160 490 256 532 Secundo,
270 499 294 522 ex
305 490 377 523 orclc'uc
385 489 409 522 ad
421 498 447 528 ea.
460 489 483 522 de
492 489 563 531 quibus
576 489 671 523 dicuntur.
691 489 741 522 Nam
753 488 832 522 nomina

77 544 117 577 Deo
129 545 148 576 et
159 543 254 577 creaturis
266 542 376 577 communia
392 546 486 585 quantuni
502 543 527 576 ad
541 553 583 577 reni
596 542 724 586 significatam
737 543 792 585 prius
805 542 832 576 di-

77 600 147 631 cuutur
156 597 179 631 de
188 598 228 631 Deo
236 607 295 639 quam
307 598 331 630 de
343 597 442 636 creaturis,
455 597 500 639 quia
508 607 519 630 a
528 598 567 631 Deo
579 597 691 631 huiusmodi
703 597 832 639 perfectiones
876 612 878 615 ·

77 654 161 692 manant,
174 651 223 685 sicut
235 661 244 684 e
257 653 324 684 contra
336 654 430 693 quantum
443 651 467 684 ad
479 650 623 693 impositionem
631 651 716 684 nominis
724 654 743 685 et
751 652 832 685 modum

78 705 201 748 significandi
215 705 270 747 prius
286 705 376 739 dicuntur
391 705 415 738 de
430 705 529 746 creaturis,
545 705 590 748 quia
605 708 703 739 creaturas
719 705 774 748 prius
789 715 833 747 cog-

77 759 182 793 noscimus.
202 759 271 799 Tertio,
286 769 310 792 ex
317 759 360 801 ipso
372 769 411 793 osc
420 758 526 792 nominum.
545 759 594 792 Nam
603 768 646 792 cuin
658 759 712 801 ipsas
724 768 756 792 res
768 759 833 792 nohis-

78 822 122 846 cmn
129 812 181 846 ferre
190 822 230 846 non
241 813 346 855 possimus,
359 822 395 855 pro
406 812 454 855 ipsis
463 813 522 846 rebus
531 812 643 847 nominibus
650 813 724 846 utimur
733 815 833 855 tamquam

79 866 145 909 signis.
170 867 219 901 Cum
231 869 295 900 autem
306 867 419 909 frequenter
431 877 470 900 non
484 867 612 900 instituantur
627 876 685 900 voces
700 866 833 909 significantes

78 930 182 965 numerum
197 930 268 962 rerum
286 921 332 963 qnia
347 931 380 954 ars
395 930 434 954 non
446 923 539 963 coaequat
550 922 645 962 naturam,
664 919 763 962 contingit,
781 919 834 961 quod

78 984 117 1007 nna
129 984 175 1008 voce
187 975 254 1016 plnres
266 984 298 1008 res
311 975 439 1018 designentur
451 978 469 1008 et
482 975 509 1008 sic
521 975 546 1008 sit
558 974 690 1017 aequivocatio
703 983 778 1008 vocum.

144 1028 201 1066 Quod
213 1038 260 1062 vero
276 1028 354 1062 nomina
367 1031 385 1062 et
397 1029 457 1062 verba
473 1028 583 1070 significent
598 1031 708 1071 conceptus,
725 1027 834 1071 tripliciter

78 1081 136 1115 etiam
153 1084 211 1124 patet.
240 1083 288 1116 Nam
303 1083 377 1125 priano,
396 1092 435 1116 vox
453 1082 538 1115 exterior
556 1082 685 1124 significativa
702 1082 746 1115 ideo
763 1081 834 1115 dicitur

78 1136 164 1177 verbnm,
178 1135 224 1178 quia
237 1135 333 1179 significat
345 1136 442 1169 internum
455 1136 526 1169 mentis
538 1139 657 1178 conceptum,
669 1145 727 1179 aquo
739 1137 833 1177 quantum

79 1190 103 1222 ad
116 1199 182 1223 vocem
194 1192 213 1223 et
225 1190 386 1233 significationem
398 1190 490 1232 procedit.
514 1190 567 1223 Sicut
582 1190 633 1224 enim
648 1190 730 1224 aliorum
745 1190 834 1223 artificia-

80 1245 144 1277 torum
152 1244 266 1285 praeexistit
273 1243 292 1277 in
302 1246 366 1277 mente
376 1243 456 1278 artificis
465 1243 529 1287 imago
539 1244 634 1286 quaedam
642 1244 744 1277 exterioris
752 1243 833 1280 art‘ficii.

79 1296 717 1340 itainmenteproferentisexteriusverbumpraeexistitqnoddam
723 1298 834 1340 exemplum

80 1350 182 1384 exterioris
192 1350 252 1385 verbi.
273 1351 328 1385 Unde
340 1351 453 1384 naturaliter
462 1352 545 1385 verbum
557 1352 621 1394 primo
633 1354 652 1385 et
663 1351 795 1394 principaliter
808 1351 835 1384 di-

80 1404 129 1438 citur
141 1404 221 1438 interior
234 1408 343 1446 conceptus,
356 1405 470 1438 secundario
482 1414 529 1438 vero
542 1415 581 1438 vox
593 1408 673 1438 externa
684 1405 783 1439 interioris
792 1414 835 1439 con-

80 1460 147 1499 ceptus
156 1457 294 1500 sig·niiicativa;
303 1458 360 1491 tertio
369 1462 433 1491 autem
441 1458 484 1500 ipsa
490 1458 602 1501 imaginatio
609 1459 663 1492 vocis
670 1460 753 1492 verbum
759 1458 835 1492 dicitur.

80 1512 177 1554 Secundo,
191 1512 272 1545 ratione
284 1515 414 1554 conceptuum
426 1512 509 1554 nomina,
522 1522 571 1555 quae
583 1512 697 1546 tribuuntur
705 1513 745 1546 Deo
755 1515 773 1546 et
785 1522 836 1546 crea·

80 1566 136 1606 turis,
151 1565 207 1607 prius
223 1566 314 1599 dicuntur
329 1567 352 1599 de
367 1566 461 1599 creaturis
476 1576 535 1608 quam
550 1567 574 1599 de
586 1567 632 1607 Deo,
648 1566 691 1600 licet
707 1566 732 1599 sit
747 1569 836 1600 econtra

80 1619 154 1653 ratione
167 1618 195 1652 rei
208 1618 332 1662 significatae.
352 1619 421 1661 Tertio,
435 1622 539 1662 propterea
551 1620 576 1653 ad
584 1619 672 1653 homines
682 1620 755 1653 utimur
764 1620 835 1660 verbis,

80 1675 102 1706 ut
117 1673 144 1707 eis
160 1673 307 1706 manifestemus
324 1676 440 1715 conceptum
454 1674 520 1707 nostri
536 1674 606 1716 cordis,
625 1684 682 1716 quem
699 1684 738 1707 non
752 1676 837 1716 possunt

81 1736 202 1770 cognoscere,
215 1726 253 1760 nisi
264 1727 330 1761 verbis
343 1727 416 1761 nostris
428 1727 482 1760 illum
495 1727 523 1761 eis
535 1728 674 1770 exprimamus.

147 1782 177 1814 Ex
189 1781 219 1814 his
232 1784 296 1814 autem
308 1781 433 1814 manifestum
444 1782 488 1814 fieri
499 1785 569 1823 potest,
584 1782 637 1824 quod
652 1782 731 1815 nomina
745 1785 764 1815 et
776 1783 837 1815 verba

82 1833 192 1876 significent
204 1838 308 1876 conceptus
319 1835 435 1868 iincncdicte
444 1838 463 1868 et
471 1844 503 1868 res
513 1835 604 1877 ttccdictc,
618 1835 749 1869 mediantibus
759 1844 784 1868 sc.
793 1844 836 1869 con·

81 1887 174 1929 captibus.
197 1888 247 1921 Nam
258 1887 306 1921 illud
318 1888 381 1930 primo
394 1890 412 1922 et
424 1897 459 1930 per
472 1898 492 1922 sc
508 1890 527 1922 et
541 1888 651 1922 immediate
668 1888 789 1931 significatur
801 1898 837 1931 per

81 1951 152 1974 nomen
164 1944 183 1975 et
194 1943 282 1983 verbum,
295 1942 347 1984 quod
356 1952 395 1984 per
406 1952 426 1976 sc
435 1942 504 1984 priano
516 1943 647 1986 fretellip‘t'tnr.
668 1943 710 1976 Hoc
721 1945 785 1976 autem
797 1952 836 1976 non

82 1997 112 2029 est
123 2005 155 2029 res
168 1995 276 2038 significata
283 2005 319 2038 per
328 2005 403 2037 nomen,
417 1997 451 2029 sed
459 1996 542 2030 uerbum
550 1999 569 2030 et
577 1999 681 2039 conceptus
690 1996 766 2038 mentis,
778 2006 837 2039 quem

81 2049 190 2083 formamus
203 2050 262 2083 dere.
283 2050 339 2088 Quod
351 2052 404 2091 patet
415 2060 439 2084 ex
452 2051 516 2084 tribus
528 2050 650 2084 rationibus.
662 2051 731 2084 Primo
743 2050 800 2091 enim,
812 2051 837 2084 ad

82 2103 123 2145 hoc,
138 2105 159 2137 nt
170 2103 278 2137 intellectus
290 2113 332 2137 rem
344 2103 443 2146 intelligat,
458 2103 568 2138 necessario
583 2104 641 2138 debet
655 2104 737 2138 interius
751 2105 837 2138 formare

82 2160 201 2200 conceptum,
219 2167 253 2200 per
271 2167 328 2200 quem
344 2158 367 2191 de
382 2167 403 2191 re
421 2157 497 2191 iudicet.
521 2157 558 2192 Sed
575 2158 612 2191 hoc
629 2160 712 2192 verbum
729 2158 837 2192 intellectus

81 2211 154 2245 format
168 2221 203 2254 per
217 2211 370 2246 intellectionem.
394 2212 449 2246 Unde
466 2213 549 2246 verbum
567 2212 625 2246 debet
642 2222 685 2246 esse
700 2212 795 2245 terminus
810 2211 838 2243 in-

82 2265 201 2304 tellectionis,
213 2276 252 2309 quo
263 2266 292 2308 fit,
304 2269 325 2300 ut
338 2276 377 2300 csse
388 2266 444 2300 verbi
457 2265 481 2299 sit
489 2266 556 2308 ipsttm
564 2266 660 2309 ¹intelligi.
682 2266 778 2307 Secundo,
792 2265 838 2308 qnia

82 2319 219 2354 uniuersaliter
231 2330 288 2354 omne
299 2320 417 2354 intellectum
428 2321 485 2354 debet
493 2329 536 2354 esse
544 2320 564 2353 in
573 2320 696 2363 intelligente.
716 2320 838 2354 Intellectum

83 2377 147 2407 autem
159 2373 179 2407 in
191 2374 309 2417 intelligente
321 2377 351 2408 est
362 2375 443 2408 intentio
455 2374 554 2408 intellecta.
575 2375 662 2409 Verbum
670 2375 721 2408 eninr
729 2374 800 2417 lapidis
809 2377 838 2407 est

84 2428 138 2470 lapis
151 2428 268 2467 intellectus.
285 2428 335 2463 sicut
350 2431 368 2462 et
380 2430 463 2463 verbum
476 2429 510 2462 Dei
522 2431 552 2462 est
564 2429 616 2463 Deus
629 2429 742 2462 intellectus.
766 2428 836 2470 Tertio,

32 2522 36 2526 ι
83 2491 154 2515 nomen
162 2485 192 2516 θεῖ
200 2483 298 2525 quoddam
307 2484 465 2517 instrumentum.
481 2483 640 2517 [estrumentum
649 2487 713 2517 autem
722 2483 839 2517 irtccncdc'cte

84 2536 230 2571 determinatio·
240 2547 253 2571 c
261 2537 306 2580 fine,
320 2537 354 2580 qui
362 2540 392 2572 est
400 2548 448 2572 nsns
456 2537 586 2571 instrumenti.
607 2537 645 2571 Sed
654 2547 703 2571 usus
712 2537 776 2571 omnis
785 2538 838 2572 vocis

84 2590 223 2632 significativae
236 2594 265 2625 est
278 2592 388 2634 significare
400 2595 504 2634 conceptus
516 2591 629 2625 intellectus.
649 2591 704 2625 Unde
715 2594 773 2633 patet,
786 2592 839 2634 qnod

83 2654 123 2677 vox
141 2644 269 2687 significativa
286 2646 396 2680 immediate
415 2646 511 2688 siguificat
530 2648 648 2688 conceptum,
669 2655 704 2688 per
725 2649 839 2689 conceptum

83 2708 131 2732 vero
143 2708 190 2732 rem.
