1846 3062
322 117 429 158 QUAESTIO
440 117 492 149 xlm
515 117 637 149 ARTICULUS
648 117 655 148 Ι

243 371 413 417 QUAES'PIO
431 369 734 411 TRIGESIMAPRIMA

160 484 194 517 DE
207 484 328 518 SGIENTIA
340 484 391 517 PER
404 483 626 518 COMPARATIONEM
638 483 672 517 AD
685 482 817 518 SCIENTEll

375 592 392 612 1r
403 592 433 612 SEX
444 591 533 612 Anrlcunos
544 591 599 613 mwsn

112 656 213 721 &issam
231 678 394 712 considerandum
412 680 442 712 est
458 677 482 711 de
503 677 582 712 scientia
602 688 637 721 per
658 679 822 722 comparationem
842 679 866 712 ad

133 717 165 771 εἴ)
178 732 274 767 scientem.

125 777 154 805 Μ’
189 786 243 820 Circa
255 786 308 828 quod
321 795 355 819 sex
367 788 493 828 quaeruntur.

210 839 285 873 Primo:
298 841 365 873 utrum
377 839 456 873 scientia
469 839 525 873 sitin
536 838 593 873 nobis
605 848 616 873 a
628 842 702 873 natura.

211 894 308 928 Secundo:
329 897 396 927 utrum
415 893 473 926 homo
494 893 580 936 appetit-u
599 893 683 926 naturali
702 894 768 927 innato
788 897 867 936 appetat

244 947 348 982 scientiam.

211 1002 285 1035 Tertio:
301 1003 368 1035 utrum
380 1002 438 1035 homo
450 1000 537 1043 appetitu
549 1000 632 1034 naturali
644 1001 706 1035 elicito
718 1004 796 1043 appetat
808 1001 868 1035 scien·

244 1055 296 1088 tiam.

212 1108 294 1147 Quarto:
314 1110 381 1141 utrum
401 1107 506 1142 difficultas
524 1107 645 1151 intelligendi
662 1108 736 1142 oriatur
753 1108 825 1151 partim
843 1118 868 1142 ex

244 1163 309 1204 rebus,
321 1162 393 1204 partim
404 1172 429 1196 ex
440 1162 543 1196 intellectu.

212 1216 292 1255 Quinto:
305 1219 371 1250 utrum
383 1217 442 1250 homo
454 1216 513 1250 alium
525 1216 588 1259 possit
600 1217 674 1251 docere.

212 1270 280 1305 Sexto:
293 1274 360 1305 utrum
372 1271 457 1305 humano
468 1270 535 1313 generi
547 1271 597 1305 fides
610 1272 635 1304 sit
647 1271 761 1305 necessaria.

386 1432 508 1466 ARTICULUS
520 1433 600 1466 PRIMUS

276 1531 342 1559 UTRUM
357 1530 443 1559 suturam
458 1530 487 1559 SIT
501 1532 521 1559 IN
535 1531 591 1560 NOBIS
604 1531 617 1559 A
631 1532 708 1559 NATURA

143 1639 153 1660 n
164 1638 227 1660 rniuuu
238 1638 261 1660 sic
272 1637 377 1660 rnocuouun.
396 1627 477 1661 Videtur
486 1628 539 1671 qnod
548 1627 627 1662 scientia
639 1627 664 1661 sit
675 1627 695 1661 in
707 1627 764 1662 nobis
774 1630 870 1662 enatura.

154 1683 228 1717 Natura
236 1682 286 1716 enim
295 1691 335 1716 non
343 1682 408 1716 deficit
415 1682 435 1715 in
444 1682 564 1716 necessariis.
585 1683 622 1717 Sed
635 1681 714 1716 scientia
722 1685 752 1716 θεῖ
759 1682 869 1716 necessaria

114 1738 138 1772 ad
150 1738 199 1771 bene
211 1736 363 1780 intelligendum,
379 1736 429 1770 sicut
444 1739 463 1770 et
478 1736 542 1770 omnis
554 1736 632 1771 habitus
644 1737 669 1770 ad
681 1738 730 1771 bene
742 1737 870 1779 operandum.
903 1759 905 1762 .

116 1793 169 1836 Ergo
182 1790 261 1826 scientia
272 1790 323 1825 inest
334 1791 392 1824 nobis
404 1801 415 1825 a
427 1794 501 1825 natura.

179 1848 194 1880 2.
203 1846 308 1885 Punicum,
317 1845 425 1879 intellectus
433 1845 574 1888 principiorum
583 1848 612 1879 est
618 1856 629 1879 a
635 1848 710 1888 natura,
718 1846 770 1879 unde
779 1847 798 1879 et
805 1845 869 1888 prima

114 1900 209 1944 principia
221 1900 312 1934 dicuntur
323 1900 437 1934 naturaliter
450 1900 531 1944 cognita.
551 1900 589 1935 Sed
598 1900 666 1934 eadem
678 1899 756 1935 videtur
768 1909 811 1934 esse
819 1900 871 1934 ratio¹

115 1955 209 1990 scientiae.
234 1955 287 1998 Ergo
299 1954 388 1988 similiter
399 1957 418 1988 et
429 1955 476 1989 haec
488 1957 517 1989 est
529 1960 626 1989 enatura.

181 2032 214 2066 Suo
225 2042 288 2064 oomni
299 2042 327 2064 usn
338 2032 390 2075 qnod
403 2031 535 2074 Philosophus
544 2033 554 2064 2
562 2031 626 2065 Etdic.
635 2041 650 2065 c.
659 2033 668 2064 1
678 2030 728 2068 dicit,
741 2032 793 2074 quod
805 2032 871 2066 virtus:

114 2085 248 2121 intellectualis
263 2086 370 2129 plurimum
388 2095 412 2119 ex
429 2085 517 2120 doctrina
534 2085 592 2119 habet
609 2088 627 2119 et
645 2085 789 2128 generat-ionem
806 2089 826 2119 et
842 2086 871 2120 in-

115 2144 240 2182 crementum,
252 2140 304 2174 unde
316 2143 335 2173 et
346 2140 465 2183 experientia
477 2143 495 2174 et
507 2142 595 2182 tempore
606 2139 685 2183 indiget.
706 2139 743 2174 Sed
753 2139 832 2174 scientia
840 2143 870 2174 est

114 2196 178 2230 uirtus
194 2194 333 2236 intellectualis,
348 2197 370 2228 ut
385 2194 455 2228 dicitur
467 2196 477 2228 6
489 2195 553 2229 Etlcc'c.
566 2204 581 2228 c.
593 2195 608 2228 2.
633 2194 685 2237 Ergo
698 2194 777 2228 scientia
789 2204 828 2228 non
840 2198 870 2228 est

114 2251 134 2284 in
146 2250 203 2284 uobis
215 2259 226 2283 a
237 2251 312 2283 natura.

180 2327 277 2360 Rnsrouuuo
292 2335 370 2358 uicnruun
384 2325 436 2368 quod
452 2325 502 2359 circa
517 2325 607 2359 scientias
619 2325 704 2368 quidam
716 2324 812 2366 dixerunt,
826 2324 869 2359 illas

115 2390 158 2415 esse
173 2380 257 2414 totaliter
273 2381 298 2414 cb
313 2380 427 2420 intrinseco,
447 2379 473 2413 ita
489 2390 519 2421 sc,
535 2380 587 2423 quod
602 2378 716 2413 naturaliter
731 2379 871 2422 prccccistuct

114 2436 134 2469 in
146 2435 219 2477 animm
236 2435 270 2469 sed
284 2444 320 2478 per
335 2433 456 2476 disciplinam
471 2436 490 2468 et
504 2433 617 2468 exercitium
630 2433 768 2475 impedimenta
780 2434 871 2468 scientiae

115 2491 215 2532 tolluntur,
230 2499 279 2532 quae
294 2489 401 2523 adveniunt
415 2489 489 2523 animae
505 2498 530 2523 ex
545 2488 633 2531 corporis
648 2488 748 2531 gravitate,
765 2488 814 2523 sicut
826 2499 870 2522 cum

114 2545 190 2579 terrum
202 2544 318 2578 clarificatur
330 2553 366 2587 per
377 2543 506 2577 limationem:
518 2546 537 2577 et
545 2543 592 2577 haec
600 2542 637 2576 init
646 2542 710 2585 opinio
721 2543 870 2578 Platonicorum.

114 2599 159 2633 Alii
170 2609 217 2633 vero
229 2599 326 2640 dixerunt,
338 2598 391 2641 quod
404 2601 449 2631 sunt
461 2597 545 2632 totaliter
555 2598 581 2632 αἱ)
590 2598 702 2640 carraceto,
715 2598 726 2631 i.
736 2607 751 2631 e.
760 2607 784 2631 ex
793 2597 871 2632 influxu

115 2653 251 2697 intelligentiae
258 2653 342 2696 agentis:
350 2656 371 2687 ut
378 2652 539 2695 pouitAvicenna.
551 2651 595 2686 Alii
601 2652 697 2694 dixerunt,
705 2653 870 2695 quodsccucdum
