1846 3062
282 144 389 185 QUAESTlO
400 145 422 176 Vl
444 145 566 178 ARTIGULUS
577 145 593 177 Π
788 136 813 173 49

60 242 185 285 intelligendo
197 241 265 276 fertur.
289 242 314 276 Et
329 241 356 276 sio
372 241 491 276 substantiae
505 252 576 277 nomeu
592 241 689 285 significat
704 241 814 284 essentiam,

60 297 91 331 cui
103 296 195 338 competit
206 296 235 330 sic
247 305 295 338 esse,
307 296 319 330 i.
328 306 344 330 e.
352 305 387 338 per
396 305 417 329 51
426 305 474 337 1551,
487 299 505 330 et
517 297 560 331 talis
571 296 680 331 substantia
692 299 721 330 est
733 306 771 338 res,
784 296 814 330 cui

60 350 151 385 convenit
165 350 237 384 habere
253 359 296 383 esse
310 359 349 383 non
363 349 384 383 in
399 349 490 392 subiecto,
508 350 542 384 sed
557 350 615 384 inse.
639 351 704 385 Tertio
717 349 814 393 siguificat

62 405 191 439 substantiam
208 404 346 438 universaliter
362 407 459 446 acceptam
477 407 496 438 et
510 404 580 438 dicitur
596 405 705 439 substantia
719 405 813 439 11111111.

61 461 110 493 Nam
129 459 212 493 secunda
229 458 324 492 intellecta
339 458 429 492 dicuntur
444 458 560 492 intentiones
575 462 715 502 consequentes
733 460 814 493 modum

61 513 190 556 intelligendi;
206 514 252 547 haec
267 512 318 546 enim
329 513 416 546 secretario
428 512 536 546 intellectus
548 513 642 556 iutelligit,
657 514 773 556 inquantum
785 523 814 547 re·

60 567 145 601 flectitur
162 577 222 610 supra
237 567 329 609 seipsum,
344 566 459 610 intelligens,
477 577 497 601 se
512 567 624 610 intelligere,
639 570 658 601 et
672 569 758 610 modum,
774 578 813 611 quo

61 622 157 665 intelligit.
182 621 259 662 Quarto
272 621 342 655 dicitur
355 621 464 655 substantia
476 622 611 664 corumuuitor,
625 624 684 664 prout
695 622 791 656 abstrahit
803 632 814 656 a

60 675 125 718 prima
136 679 155 709 et
167 676 256 718 secunda,
269 675 367 718 quomodo
376 677 454 718 sumpta
462 675 510 709 nihil
518 679 549 709 est
556 676 609 709 aliud
617 686 676 719 quam
684 676 814 719 compositum

60 740 86 764 ex
97 730 178 764 materia
189 732 208 763 et
219 730 283 763 torma
293 729 314 763 in
326 729 441 763 substantiis
453 729 585 764 materialibus
598 731 714 764 abstrahens
730 731 754 764 ab
771 740 814 764 esse

61 786 139 826 aparte
151 784 179 817 rei
191 784 211 817 in
223 785 259 817 hoc
270 786 289 817 et
300 784 332 817 illo
345 784 440 827 singulari
454 787 473 817 et
485 784 508 818 ab
524 793 567 818 esse
581 784 602 817 in
616 784 718 826 intellectu,
736 786 772 818 sub
787 784 814 817 iu·

61 838 146 872 tentione
158 838 316 872 universalitatis.

127 893 240 927 Substantia
254 895 318 926 autem
333 894 370 927 boc
382 896 455 936 quarto
470 893 528 926 modo
545 896 622 935 sumpta
638 895 703 935 potest
719 893 780 927 dividi
794 893 815 926 in

61 947 144 989 primam
161 950 180 981 et
198 947 302 981 secundam
320 947 419 981 cliaisioue
435 947 519 990 pencris.
543 948 568 980 Et
585 948 621 981 hoo
639 947 754 990 [tripliciter.
781 948 815 981 Vel

62 1001 169 1034 secundum
180 1001 270 1035 diversos
283 1002 351 1035 modos
363 1002 446 1035 essendi.
470 1002 519 1035 Nam
535 1002 619 1035 secunda
636 1001 744 1035 substantia
757 1001 815 1044 signi·

60 1054 107 1088 licat
115 1058 213 1089 arcturum
220 1056 299 1098 perceris
308 1056 415 1089 secundum
424 1065 444 1089 se
454 1056 572 1097 absolutam;
580 1055 644 1098 prima
650 1065 697 1090 vero
706 1056 815 1089 substantia

62 1108 159 1151 significat
170 1109 222 1143 illam
237 1112 259 1143 ut
273 1109 419 1144 individualiter
434 1111 582 1151 subsistentem
597 1110 649 1144 unde
665 1110 727 1153 magis
743 1113 773 1144 est
788 1110 815 1144 di-

61 1162 112 1196 visio
124 1163 200 1207 analogi
216 1174 275 1206 quam
286 1164 369 1207 generis.
396 1164 429 1198 Vel
446 1165 552 1198 secundum
568 1164 657 1198 diversos
672 1165 741 1198 modos
756 1164 815 1206 parti-

61 1216 138 1259 cipandi
147 1221 201 1252 actus
210 1218 335 1260 substantiae,
344 1218 378 1261 qui
387 1221 433 1252 suut
441 1219 531 1252 substare
538 1218 669 1252 accidentibus
675 1221 694 1252 et
701 1219 814 1253 subsistere.

63 1271 83 1305 si
95 1271 146 1304 enim
158 1271 262 1314 accipiatur
273 1272 383 1314 subsistere,
402 1282 445 1306 cum
462 1273 500 1306 duo
517 1272 572 1314 dicat,
587 1275 605 1306 et
617 1275 681 1306 actum
694 1272 815 1306 subsistendi

62 1335 97 1359 seu
112 1335 155 1359 esse
170 1328 189 1359 et
203 1325 382 1359 determinationem
394 1326 477 1367 essendi,
493 1336 536 1360 esse
550 1336 586 1369 per
597 1327 653 1368 prius
665 1326 755 1360 convenit
766 1326 815 1360 indi-

61 1378 127 1413 viduis
139 1382 158 1413 et
169 1379 238 1422 primis
251 1380 370 1422 substantiis,
384 1380 473 1414 secundis
486 1390 533 1414 vero
541 1390 576 1422 per
588 1380 692 1422 posterius.
711 1382 760 1414 Nam
768 1381 815 1415 haec

62 1444 101 1467 nou
114 1433 226 1467 subsistunt
236 1433 275 1467 nisi
286 1433 306 1466 in
317 1434 430 1468 individuis.
449 1434 588 1468 Determinatio
600 1444 648 1468 vero
660 1434 738 1468 essendi
750 1438 779 1469 est
791 1445 815 1469 ex

61 1491 131 1521 natura
144 1497 178 1522 seu
190 1487 297 1530 quidditate
312 1488 389 1531 generis
404 1488 436 1522 vel
453 1488 531 1530 speciei;
550 1490 568 1522 et
583 1488 626 1522 ideo
641 1489 688 1522 haec
702 1489 781 1531 proprie
797 1492 816 1523 et

61 1551 97 1584 per
105 1541 160 1584 prius
169 1542 260 1575 dicuntur
270 1542 382 1584 subsistere,
393 1542 513 1576 substantiae
519 1545 583 1576 autem
589 1542 664 1585 primae
670 1552 705 1585 per
711 1543 815 1585 posterius.

62 1596 389 1638 811111111111111111111111115,
405 1597 438 1639 qui
455 1600 484 1630 est
498 1598 594 1639 11111111
611 1597 642 1630 hic
655 1597 711 1639 prius
726 1598 816 1631 convenit

63 1650 177 1684 substantiis
189 1650 258 1692 primis
274 1660 333 1693 quarn
346 1651 441 1685 secundis.
465 1652 514 1685 Nam
529 1651 604 1693 primae
619 1652 726 1685 secundum
742 1662 762 1686 se
777 1662 825 1689 1111,

61 1704 120 1738 nibus
132 1704 174 1738 aliis
187 1705 282 1747 substant7
295 1715 320 1738 sc.
332 1705 443 1748 generibus,
460 1705 561 1747 speciebus
574 1708 592 1739 et
608 1706 744 1740 accidentibus.
768 1706 816 1740 Sub·

63 1758 144 1792 stantiae
156 1761 220 1792 autem
233 1759 333 1801 secundae,
348 1758 359 1792 i.
372 1769 387 1793 e.
402 1769 473 1802 genera
488 1762 507 1793 et
522 1759 595 1802 species
609 1760 699 1793 substant
711 1760 758 1794 solis
770 1760 816 1794 acci·

62 1811 159 1846 dentibus.
183 1813 208 1845 Et
219 1813 255 1846 hoc
267 1812 324 1846 etiam
336 1813 408 1847 habent
419 1823 458 1847 non
470 1813 509 1847 nisi
523 1813 598 1847 ratione
613 1813 727 1856 primarum.
751 1814 816 1848 Homo

62 1865 114 1899 enim
126 1869 155 1899 est
167 1866 228 1908 albus,
240 1866 367 1909 inquantum
379 1867 410 1900 hic
421 1867 479 1900 hoino
491 1870 521 1900 est
532 1867 594 1901 albus.
618 1868 672 1901 Unde
684 1867 759 1910 primae
772 1869 816 1902 sub-

63 1919 144 1954 stantiae
156 1920 247 1954 dicuntur
259 1930 270 1953 a
282 1920 401 1963 Philosopho
410 1921 496 1963 proprie
508 1923 526 1954 et
534 1921 683 1964 principaliter
698 1924 716 1955 et
730 1922 816 1956 muciano

63 1974 188 2008 substantiae.
212 1974 287 2008 Genera
300 1984 347 2008 vero
363 1977 381 2008 et
394 1974 467 2017 species
479 1974 570 2008 dicuutur
583 1975 678 2009 secundae
690 1976 815 2018 substantiae,

63 2028 108 2071 quia
121 2028 205 2062 secundo
218 2029 313 2062 substant.
337 2029 361 2061 Et
376 2028 422 2071 quia
436 2038 507 2062 nomen
523 2029 643 2063 substantiae
657 2029 737 2072 proprie
749 2040 760 2063 a
772 2032 816 2064 sub-

63 2083 137 2123 stando,
151 2082 200 2116 sicut
212 2082 338 2116 subsistentia
346 2082 417 2116 dicitur
426 2092 437 2116 a
445 2082 576 2124 subsistendo,
588 2086 692 2125 propterea
700 2084 738 2117 tale
745 2094 816 2118 nomen

62 2137 151 2170 absolute
169 2138 270 2179 sumptum
286 2136 350 2179 primo
371 2139 389 2170 et
406 2136 539 2179 principaliter
558 2137 649 2171 convenit
665 2138 816 2180 particularibus

64 2190 183 2224 substantiis.
207 2191 262 2225 Unde
278 2191 403 2224 manifestum
418 2194 452 2233 est,
467 2191 520 2234 quod
535 2191 672 2225 convenienter
687 2192 781 2226 dividitur
796 2192 817 2226 in

62 2244 146 2286 primam
159 2246 177 2277 et
190 2245 300 2278 secundam.

128 2298 154 2330 Au
166 2308 274 2330 aucunmuruu
286 2309 328 2331 racc
340 2310 420 2331 mcuuuuu
434 2300 487 2341 quod
502 2299 612 2333 universale
628 2300 738 2342 dupliciter
752 2303 817 2342 potest

62 2351 128 2393 accipi.
147 2352 190 2386 Uno
198 2353 256 2386 modo
262 2363 302 2395 pro
310 2353 357 2395 ipsc
365 2356 446 2395 nutriret,
460 2353 490 2386 cui
497 2353 605 2387 intellectus
614 2353 683 2387 tribuit
690 2353 816 2387 intentionem

63 2405 220 2439 universalitatis.
245 2406 269 2439 Et
282 2406 444 2448 511111111115111111
456 2409 478 2440 ut
489 2416 561 2449 genera
573 2409 592 2440 et
604 2407 683 2449 species,
697 2407 816 2441 substantias

62 2468 130 2492 rerum
142 2459 253 2501 significant
264 2462 283 2493 et
294 2460 431 2502 praedicantur
448 2461 471 2493 iu
483 2460 537 2502 quid.
560 2460 637 2494 Animal
652 2461 703 2494 enim
720 2460 817 2502 significat

64 2512 193 2546 substantiam
205 2513 251 2554 eius,
264 2514 288 2547 de
300 2523 338 2556 quo
350 2514 478 2556 praedicatur,
491 2516 510 2547 11
522 2514 611 2547 similiter
622 2515 686 2548 bomo.
706 2514 748 2548 Alio
758 2515 816 2548 modo

62 2568 128 2607 potest
135 2566 195 2608 accipi
201 2567 311 2601 universale
317 2567 436 2611 formaliter,
446 2570 542 2610 quatenus
549 2569 579 2600 est
585 2567 700 2609 universale,
709 2569 817 2602 secundum

63 2620 117 2661 quod
123 2622 193 2653 natura
200 2620 299 2662 praedicta
311 2621 378 2655 subest
386 2620 488 2654 intentioni
496 2620 653 2663 universalitatis,
665 2621 677 2654 i.
685 2631 700 2654 e.
710 2623 817 2657 secundnm

63 2674 117 2715 quod
123 2673 257 2707 consideratur
263 2674 335 2708 animal
341 2675 372 2708 vel
378 2675 437 2708 homo
442 2677 464 2708 ut
470 2684 531 2708 unum
537 2674 557 2707 in
564 2674 640 2715 multis;
650 2678 668 2708 et
675 2675 703 2709 sic
709 2679 818 2718 posueruut

97 2738 186 2770 Englert.
195 2738 245 2764 Prima
255 2739 291 2764 Pars
300 2739 355 2764 summ.
364 2739 420 2766 Philos.
429 2739 444 2765 Sa
453 2739 505 2765 Thom.
514 2738 541 2770 Aa.
742 2732 753 2764 4
