1846 3062
298 144 405 187 QUAESTIO
417 144 454 176 VIH
475 143 597 177 ARTICULUS
608 142 623 174 Π
811 132 837 170 63

85 243 265 279 determinationem
278 242 397 278 substantiae
410 243 516 277 secundum
525 242 609 285 aliquam
618 251 737 276 mensuram.
757 241 782 274 Et
793 240 837 274 ideo

77 300 135 334 ‘sicut
142 299 215 342 duplex
223 301 253 333 est
262 308 359 340 mensura,
372 307 409 332 una
418 297 524 331 secundum
537 306 580 331 esse
593 295 724 334 substantiale,
737 295 797 329 altera
809 304 838 328 se-

84 354 169 388 cundnm
181 362 225 387 esse
237 352 357 394 accidentale,
371 352 398 386 ita
414 352 488 394 duplet
502 354 532 385 est
544 350 678 385 determinatio
691 349 777 384 subiect-i.
803 349 837 383 Vei

85 408 191 441 secundum
204 416 247 441 esse
260 406 396 447 substantiale,
412 409 431 439 et
442 405 489 439 haec
500 407 530 438 est
542 405 652 439 differentia
664 403 789 446 substantiae,
801 413 837 447 per

84 471 143 505 quam
160 461 302 503 respondemus
320 459 453 503 interroganti,
471 460 531 502 patale
547 460 597 502 quid
613 462 643 493 est
657 469 695 493 res.
717 459 789 493 Altera
807 461 837 492 est

85 516 191 549 secundum
203 524 246 548 esse
258 514 382 555 accidentale;
395 517 414 548 et
425 514 472 547 haec
483 516 513 547 θεῖ
524 513 573 547 ratio
584 513 673 547 formalis
685 513 788 555 qualitatis,
800 523 836 555 per

84 579 143 611 quam
151 569 293 611 respondemus
301 567 434 610 interroganti,
447 567 515 610 patulis
526 576 558 601 res
570 566 600 600 sit.
620 567 673 601 Siout
681 576 728 610 ergo
736 567 761 608 id,
771 577 837 601 secun·

84 623 131 656 dum
140 623 197 665 quod
202 622 342 656 determinatur
351 622 437 664 potentia
443 620 534 655 materiae
541 620 647 655 secundum
654 630 697 654 esse
704 621 837 660 substantiale,

84 676 154 710 dieitur
163 676 251 719 qualitas,
260 685 309 719 quae
317 679 347 710 est
353 675 463 709 differentia
470 675 595 715 substantiae,
603 674 660 717 naid,
670 676 776 709 secundum
783 676 836 718 quod

85 730 225 763 determinatur
242 730 328 772 potentia
346 729 426 763 subiecti
444 729 550 762 secundum
567 737 611 762 esse
628 728 748 770 accidentale,
766 728 837 762 dicitur

84 783 167 826 qualitas
179 783 306 825 accidentalis,
321 793 370 826 quae
382 786 412 817 θεῖ
423 782 481 816 etiam
493 783 588 824 quaedam
600 781 715 824 differentia,
730 785 752 816 ut
766 782 837 816 dicitur

84 837 215 880 4Mctopltps.
227 847 242 871 c.
252 839 278 870 14.
302 837 326 870 Et
339 838 445 870 secundum
457 837 509 870 hune
520 837 600 870 modum
612 837 643 870 vel
655 836 836 870 determinationem

84 890 138 924 varie
150 893 247 933 acceptam
259 890 417 925 diversificantur
429 890 502 932 species
515 890 618 932 qualitatis,
634 890 683 924 sicut
694 890 746 923 iutra
757 890 836 932 patebit.

85 944 110 977 Et
125 944 152 978 sic
166 944 292 978 manifestum
306 948 341 986 est,
356 945 409 986 quod
424 944 473 978 ratio
487 944 576 978 formalis
588 944 686 986 qualitatis
699 947 733 982 est,
746 945 798 987 quod
811 944 837 978 sit

84 998 156 1032 incutis
169 1001 186 1032 et
198 998 340 1033 determinatio
352 998 479 1032 srebstantiue
490 999 600 1032 acciendum
612 1008 652 1032 esse
664 999 794 1033 accidentale.

149 1074 176 1107 Ar>
187 1084 249 1106 aarum
259 1084 388 1106 incomestum
400 1074 452 1116 quod
465 1074 574 1107 substantia
586 1073 695 1115 tripliciter
704 1076 768 1117 potest
776 1074 838 1108 deter-

84 1127 163 1160 minari:
176 1128 207 1161 uel
218 1128 243 1161 ad
255 1137 298 1161 esse
311 1127 422 1170 specificam
431 1130 450 1160 et
459 1127 585 1161 substantiale
597 1128 628 1161 uel
635 1128 660 1161 ad
669 1137 712 1162 esse
721 1128 837 1162 accidentale

85 1180 215 1215 extrinsecum
223 1183 255 1216 vel
263 1182 287 1215 ad
295 1191 338 1215 esse
348 1181 463 1215 accidentale
471 1181 604 1215 intrinsecum.
624 1183 654 1215 Ex
662 1182 698 1215 hac
706 1182 757 1216 enim
767 1182 838 1225 triplici

85 1235 244 1269 determinatione
260 1235 356 1278 colligitur
372 1235 487 1269 sufficientia
501 1235 579 1268 numeri.
591 1235 798 1279 praedicamentorum,
816 1240 838 1270 ut

85 1288 157 1322 dictum
169 1291 199 1322 est
211 1298 276 1331 supra.
296 1289 364 1323 Primo
376 1290 434 1323 modo
443 1289 583 1322 determinatur
592 1289 701 1323 substantia
709 1299 744 1332 per
752 1290 837 1323 formam

86 1342 237 1376 substantialem.
257 1343 348 1376 Secundo
361 1343 419 1376 modo
429 1352 465 1385 per
474 1353 508 1376 sex
515 1343 583 1376 ultima
591 1343 751 1385 praedicamenta.
772 1344 837 1378 Tertio

85 1396 143 1429 modo
155 1406 190 1438 per
202 1397 320 1438 qualitatem.
339 1396 391 1430 Licet
403 1397 454 1430 enim
466 1396 564 1439 quantitas
577 1396 602 1429 sit
614 1397 702 1430 accidens
709 1397 837 1432 intrinsecum

86 1450 211 1491 substantiae,
219 1460 259 1484 non
267 1453 331 1484 tamen
338 1453 368 1484 est
373 1450 461 1484 formalis
468 1450 603 1484 determinatio
609 1453 628 1484 et
634 1451 704 1484 modus
712 1452 837 1494 substantiae,

86 1503 136 1536 sicut
147 1504 236 1546 qualitas.

149 1558 176 1590 Au
188 1568 269 1590 saturnum
280 1568 360 1590 meminit
372 1558 429 1599 quod,
442 1567 485 1590 oum
498 1557 568 1591 dicitur
579 1558 600 1591 in
612 1558 683 1591 divinis
695 1559 795 1600 processio
803 1570 838 1602 per

85 1610 164 1643 modum
179 1614 260 1644 naturae
275 1613 293 1644 et
308 1611 419 1652 voluntatis,
436 1621 475 1644 non
490 1611 569 1653 ponitur
583 1611 603 1644 in
616 1612 656 1645 Deo
670 1613 746 1654 modus,
764 1614 798 1655 qui
813 1613 838 1647 sit

85 1663 262 1705 praedicamentum
277 1664 375 1707 qualitatis
391 1675 425 1698 seu
440 1665 473 1707 qui
488 1665 513 1698 sit
528 1665 611 1706 qualitas
627 1665 703 1699 divinae
719 1667 839 1700 substantiae

86 1718 220 1759 superaddita,-
233 1719 267 1752 sed
279 1719 389 1752 ostenditur
401 1718 533 1752 similitudinis
546 1719 647 1752 cuiusdam
659 1720 777 1762 cornparatio
787 1721 839 1754 inter

85 1771 220 1812 processiones
232 1772 252 1804 in
264 1771 335 1806 divinis
348 1774 366 1805 et
378 1772 518 1813 processiones,
530 1782 579 1814 qnae
592 1776 637 1806 sunt
645 1773 665 1806 in
673 1774 733 1807 rebus
741 1775 816 1808 creatis.

337 2043 459 2077 AR'I'ICULUS
470 2043 580 2077 SECUNDUS

202 2143 265 2171 Utatur
278 2142 320 2171 SINT
334 2143 408 2171 TANTUM
422 2143 507 2177 pulmon
521 2142 596 2172 setulas
610 2143 720 2177 Qonttrlrls

115 2251 125 2272 n
143 2250 224 2272 securuun
238 2251 262 2272 sm
276 2250 381 2273 raocrmrua.
404 2241 485 2275 Videtur
500 2242 552 2283 quod
564 2250 603 2274 non
616 2241 655 2274 sint
666 2243 741 2275 tantum
754 2244 838 2283 quatuor

86 2251 114 2324 Α
131 2294 204 2337 species
219 2294 323 2337 qualitatis.
346 2295 371 2329 Ut
386 2295 436 2329 enim
451 2298 504 2337 patet
518 2295 539 2328 in
550 2295 676 2330 Praedicare.
692 2305 706 2329 c.
718 2298 744 2336 15,
759 2295 837 2329 habitus

85 2348 165 2391 ponitur
182 2358 243 2382 unum
260 2349 443 2391 praedicamentum.
470 2350 508 2384 Sed
525 2359 586 2383 unum
603 2349 781 2391 praedicamentum
798 2360 838 2383 non

86 2402 194 2436 continetur
207 2404 244 2436 sub
259 2402 295 2436 alio
310 2406 403 2446 tanquam
419 2404 497 2445 species.
521 2404 574 2446 Ergo
590 2404 664 2445 species
679 2403 776 2445 qualitatis
792 2406 838 2437 sunt

85 2456 186 2498 pauciores
199 2466 257 2498 quam
269 2460 358 2498 quatuor.

151 2512 166 2544 2,
178 2510 284 2549 Pmrrrnm,
296 2511 427 2553 Philosophus
439 2511 681 2553 tiletuptps.c.1linter
693 2510 766 2553 species
779 2511 839 2553 quali-

85 2563 130 2597 tatis
147 2573 187 2597 non
204 2566 294 2597 numerat
311 2565 418 2599 naturalem
436 2565 541 2607 potentiam
558 2568 576 2598 θῖ
593 2564 732 2607 impotentiam.
756 2564 794 2599 Sed
811 2565 838 2599 ibi

86 2617 188 2659 diligenter
200 2617 240 2659 agit
255 2618 278 2650 de
293 2618 385 2659 qualitate
400 2622 418 2652 et
434 2619 475 2653 eius
491 2618 597 2660 speciebus.
621 2618 674 2660 Ergo
690 2618 764 2660 species
779 2619 839 2661 quali·

86 2671 131 2704 tatis
143 2673 189 2704 sunt
200 2671 302 2712 pauciores
314 2681 373 2714 quam
385 2675 474 2715 quatuor,
