1846 3062
74 148 112 185 12ss
288 156 394 195 QUAESTIO
406 156 440 187 XV]
465 157 586 189 antidotus
597 157 618 187 ll'

73 262 103 289 cst
110 254 222 297 simpliciter
228 263 276 288 esse.
286 254 311 287 Et
317 254 405 288 similiter
410 257 514 298 arrtequam
520 264 543 288 ex
549 253 649 297 principiis
654 254 826 289 demonstrationis

73 311 180 345 deducatur
193 309 295 352 conclusio,
307 310 327 343 in
339 309 388 353 ipsis
400 310 500 353 principiis
512 309 643 353 praecognitis
655 309 827 354 praecognoscitur

74 365 170 399 conclusio
182 365 259 407 virtute,
272 375 311 399 non
323 368 375 407 actu,
389 366 416 399 sio
427 366 478 399 enim
490 366 510 399 in
522 365 550 399 eis
558 365 677 408 praeexistit.
697 366 722 399 Et
730 365 757 399 sic
769 370 827 408 patet,

74 420 125 461 quod
138 429 177 452 non
189 419 361 461 praecognoscitur
373 420 491 462 simpliciter,
505 420 538 453 sed
552 410 658 453 secundum
670 420 722 462 quid.

138 496 164 529 An
172 506 281 528 ⁴uacuunmun
288 506 330 528 unco
338 506 419 528 urcurnuu
428 497 480 539 (prod
489 497 599 539 dupliciter
610 496 680 530 dicitur
693 496 765 539 aliquid
773 506 828 538 pruc-

73 549 181 591 cognitum:
199 560 240 583 'uico
257 550 316 583 modo
332 550 450 592 simpliciter,
468 553 511 584 actu
527 553 546 584 et
561 550 580 583 in
597 560 622 584 se.
646 551 671 583 Et
685 551 738 592 qnod
753 552 782 583 est
800 550 828 583 sic

73 603 225 644 praecognitum,
237 613 276 636 non
289 603 396 636 addiscitur
408 604 432 636 de
444 613 501 645 novo,
514 604 548 637 sed
556 614 591 646 per
600 604 734 637 deductionem
743 603 826 645 aliquam

73 656 154 688 rationis
166 656 186 688 in
198 656 312 689 memoriam
324 656 429 690 reducitur.
448 657 495 690 Αὶῖο
508 658 565 690 modo
577 657 597 689 in
609 657 695 699 potentia
707 666 741 690 seu
749 657 828 694 virtute,

74 709 105 741 vel
117 710 224 742 secundum
239 709 285 751 quid
301 712 320 742 et
334 709 354 742 in
368 709 411 743 alio.
435 711 460 743 Et
475 710 527 752 quod
542 712 572 743 est
588 711 615 743 sic
629 711 781 752 praecognitum,
796 710 829 742 ad-

74 762 155 796 discitur
167 763 191 796 de
203 772 259 796 novo.
284 763 309 796 Et
320 764 357 796 hoc
371 764 429 797 modo
444 767 474 797 est
488 763 612 806 praecognita
627 764 724 797 conclusio
740 764 760 797 in
775 763 829 805 prin*

74 816 134 859 cipiis,
147 820 250 860 antequam
263 816 376 859 simpliciter
388 817 500 851 addiscatur
511 827 546 860 per
558 817 749 851 demonstrationem.

334 1059 455 1091 ARTICULUS
467 1059 568 1099 QUAR'rUs

84 1158 150 1185 UTRUM
165 1158 207 1185 SINT
221 1158 299 1185 rinnon
313 1158 364 1185 DUAE
378 1157 562 1185 PRAECOGNITIONES:
578 1158 623 1192 QUI}¹
638 1158 671 1185 EST
686 1158 708 1185 ET
723 1158 768 1192 QUID
783 1158 816 1186 Esl'

105 1253 115 1274 u
127 1252 203 1280 qunnrun
214 1252 238 1273 src
249 1252 354 1274 rnocrrurun.
374 1237 455 1275 Videtur
463 1243 516 1284 quod
524 1252 562 1275 non
576 1242 614 1275 sint
626 1246 701 1275 tanturn
714 1243 762 1275 duae
774 1252 829 1284 prae-

76 1254 103 1324 Α
117 1295 242 1337 cognitiones.
262 1295 311 1328 Dicit
320 1295 370 1328 enim
381 1295 512 1337 Philosophus
522 1298 530 1328 1
540 1296 614 1328 Postcr.
624 1305 638 1328 c.
648 1298 662 1336 1,
675 1296 727 1337 quod
736 1295 773 1328 tria
783 1298 829 1328 sunt

75 1349 208 1390 praecognita:
225 1348 338 1388 subiectum,
350 1348 416 1389 passio
429 1351 447 1381 et
459 1348 549 1390 dignitas.
573 1348 610 1381 Sed
622 1348 754 1390 praecognitio
766 1349 830 1382 multi·

76 1402 157 1445 plicatur
167 1402 273 1436 secundum
282 1402 361 1436 obiecta.
380 1402 433 1444 Ergo
441 1401 608 1444 praecognitiones
618 1407 663 1435 sunt
672 1402 738 1444 pliues
747 1403 829 1437 duabus.

141 1458 156 1489 2.
174 1457 279 1497 anrrarn,
296 1459 318 1489 ut
336 1456 381 1489 dicit
398 1456 529 1498 Philosophus
545 1458 554 1488 1
571 1456 643 1489 Postcr.
660 1466 674 1489 c.
691 1458 716 1498 10,
734 1457 829 1499 quaedam

77 1511 167 1546 scientiae
178 1521 218 1546 non
228 1513 396 1555 praecognoscunt
405 1510 428 1545 de
437 1510 528 1553 subiecto,
540 1511 592 1554 quod
602 1510 631 1545 sit.
652 1510 689 1545 Sed
698 1511 830 1555 praecognitio

77 1568 135 1602 datur
147 1570 228 1610 propter
241 1567 345 1601 scientiam.
369 1567 422 1610 Ergo
434 1576 473 1600 non
485 1566 542 1600 datur
554 1566 592 1600 nisi
603 1566 735 1610 praecognitio
747 1568 801 1610 qrdd.

143 1645 176 1679 Suu
194 1655 257 1676 corana
272 1655 300 1676 rsa
318 1644 370 1686 quod
385 1643 516 1686 Philosophus
534 1645 542 1676 1
559 1644 632 1677 Posteri
649 1654 663 1677 c.
682 1646 690 1677 1
709 1644 759 1687 dicit,
777 1646 830 1687 quod

77 1699 181 1741 dupliciter
193 1698 324 1732 necessarium
336 1701 366 1731 est
378 1707 547 1740 praecognoscere.

143 1776 241 1808 Rrsronnuo
249 1785 329 1807 nroauuun
338 1775 391 1817 quod
399 1775 448 1807 duae
456 1777 531 1807 tanturn
541 1778 586 1807 sunt
594 1774 770 1816 praecognitiones:
781 1776 830 1818 qcric

77 1833 104 1863 cci
119 1829 199 1872 etquid
212 1832 244 1862 est.
267 1829 297 1862 Ad
312 1828 367 1862 cuius
382 1828 557 1861 manifestationem
573 1828 672 1861 sciendum
688 1832 722 1870 est,
738 1829 790 1871 quod
806 1829 830 1870 id,

77 1884 132 1916 cuins
145 1883 223 1916 scientia
237 1892 273 1924 per
285 1882 470 1915 demonstrationem
483 1882 588 1924 quaeritur,
604 1884 634 1915 est
649 1882 746 1915 conclusio
761 1882 830 1925 aliqua,

77 1938 96 1970 in
109 1947 147 1979 qua
156 1937 246 1979 proprio
251 1937 322 1978 passio
335 1936 358 1969 de
370 1936 435 1978 aliqno
447 1936 533 1968 subiecto
545 1936 677 1977 praedicatum
690 1946 739 1977 qnae
751 1936 829 1978 quidem

77 1990 174 2023 conclusio
186 1990 270 2022 infertur
282 1999 306 2022 ex
317 1989 415 2030 aliquibus
430 1988 536 2030 principiis.
561 1989 585 2021 Et
600 1988 645 2030 quia
660 1989 743 2030 cognitio
759 1989 831 2030 simpli-

77 2043 128 2075 cium
140 2042 238 2083 praecedit
252 2042 381 2084 cognitionem
396 2041 554 2082 compositorum,
569 2051 648 2074 necesse
663 2044 697 2082 est,
713 2042 765 2083 quod
780 2046 831 2075 ante-

77 2105 136 2138 quam
148 2096 242 2129 habeatur
254 2095 338 2137 cognitio
350 2094 484 2135 conclusionis,
500 2097 628 2137 cognoscatur
640 2094 704 2137 aliquo
716 2095 774 2128 modo
787 2096 831 2128 suh-

77 2150 147 2183 iectnm
159 2154 177 2183 et
190 2150 261 2191 passio.
281 2150 305 2182 Et
318 2149 406 2182 similiter
418 2151 499 2191 oportet,
512 2149 564 2191 quod
573 2152 700 2191 cognoscatur
708 2149 831 2191 principium,

77 2215 101 2239 cx
119 2214 157 2248 quo
175 2203 272 2238 conclusio
289 2203 378 2246 infertur,
398 2213 441 2238 curn
459 2213 483 2237 cx
501 2202 610 2246 cognitione
627 2202 716 2246 principii
734 2203 831 2238 conclusio

77 2261 189 2295 innotescat.
210 2260 288 2294 Horum
296 2263 365 2302 autem,
378 2269 403 2294 sc.
415 2259 510 2303 principii,
524 2258 605 2293 subiecti
616 2261 635 2293 et
644 2258 747 2302 passionis,
759 2259 831 2302 duplex

77 2320 107 2350 est
119 2317 190 2350 modus
202 2316 370 2359 praecognitionis,
384 2325 408 2349 sc.
421 2315 470 2358 (χαῖα
483 2317 510 2349 cst
522 2317 540 2348 et
552 2314 602 2357 qrct'd
614 2317 646 2348 cst.

144 2371 234 2405 Ostendit
246 2370 297 2404 enim
309 2370 440 2413 Philosophus
452 2371 462 2404 6
474 2370 587 2413 ilictdplcps.
600 2379 614 2402 c.
625 2371 635 2402 4
647 2379 702 2412 seqq,
716 2370 769 2412 quod
782 2380 832 2404 ccur-

75 2427 136 2469 plcrd
148 2436 189 2459 aton
202 2425 334 2459 (definiuntur.
356 2424 446 2458 Hominis
458 2424 508 2458 enim
521 2424 559 2458 albi
571 2434 610 2457 non
622 2427 652 2457 est
663 2424 727 2467 aliqua
739 2424 831 2467 definitio,

78 2485 97 2513 et
114 2481 175 2513 multo
191 2480 257 2512 minus
274 2479 412 2512 enuntiationis
430 2478 515 2512 alicuius.
539 2478 594 2512 Unde
611 2488 654 2511 cnm
672 2478 788 2521 principium
807 2479 832 2512 sit

78 2534 184 2567 enuntiatio
196 2534 296 2576 quaedam,
309 2543 348 2566 non
359 2535 425 2575 potest
436 2532 574 2574 praecognosci
587 2532 610 2565 de
622 2532 670 2574 ipso,
686 2533 736 2575 qnid
748 2535 779 2574 cst,
797 2533 831 2566 sed

79 2588 147 2628 solum,
159 2587 208 2628 qnid
220 2597 288 2620 cernui
301 2590 333 2620 cst.

144 2641 171 2672 De
183 2640 274 2681 passione
285 2643 349 2673 autem
362 2643 427 2681 potest
439 2639 518 2681 quidem
531 2638 580 2671 scire
595 2639 644 2680 qllid
660 2643 691 2681 cst,
710 2640 760 2681 qnia,
775 2643 797 2672 nt
812 2640 831 2672 in

78 2693 146 2725 eodem
157 2693 208 2726 libro
217 2693 331 2734 ostenditur,
344 2692 448 2725 accidentia
457 2691 601 2733 quodammodo
609 2692 741 2725 definitionem
750 2693 831 2732 hahent,
