<?xml version="1.0" encoding="UTF-8"?>
<!DOCTYPE html PUBLIC "-//W3C//DTD XHTML 1.0 Transitional//EN"
    "http://www.w3.org/TR/xhtml1/DTD/xhtml1-transitional.dtd">
<html xmlns="http://www.w3.org/1999/xhtml" xml:lang="en" lang="en">
 <head>
  <title>
</title>
<meta http-equiv="Content-Type" content="text/html;charset=utf-8" />
  <meta name='ocr-system' content='tesseract 3.04.00' />
  <meta name='ocr-capabilities' content='ocr_page ocr_carea ocr_par ocr_line ocrx_word'/>
</head>
<body>
  <div class='ocr_page' id='page_1' title='image "MN41855ucmf_7_0119.png"; bbox 0 0 1846 3062; ppageno 0'>
   <div class='ocr_carea' id='block_1_1' title="bbox 290 124 825 173">
    <p class='ocr_par' dir='ltr' id='par_1_1' title="bbox 290 124 825 173">
     <span class='ocr_line' id='line_1_1' title="bbox 290 124 825 173; baseline -0.006 -8"><span class='ocrx_word' id='word_1_1' title='bbox 290 133 397 173; x_wconf 74' lang='lat' dir='ltr'>Quaesuo</span> <span class='ocrx_word' id='word_1_2' title='bbox 408 134 438 165; x_wconf 82' lang='lat' dir='ltr'>Vll</span> <span class='ocrx_word' id='word_1_3' title='bbox 460 133 583 166; x_wconf 83' lang='lat' dir='ltr'><strong>ARTICULUS</strong></span> <span class='ocrx_word' id='word_1_4' title='bbox 594 133 608 164; x_wconf 91' lang='lat' dir='ltr'>V</span> <span class='ocrx_word' id='word_1_5' title='bbox 800 124 825 162; x_wconf 80' lang='grc'>59</span> 
     </span>
    </p>
   </div>
   <div class='ocr_carea' id='block_1_2' title="bbox 72 229 827 595">
    <p class='ocr_par' dir='ltr' id='par_1_2' title="bbox 72 229 827 595">
     <span class='ocr_line' id='line_1_2' title="bbox 72 229 826 272; baseline 0 -9"><span class='ocrx_word' id='word_1_6' title='bbox 72 234 120 272; x_wconf 92' lang='lat' dir='ltr'>puta</span> <span class='ocrx_word' id='word_1_7' title='bbox 134 229 257 264; x_wconf 86' lang='lat' dir='ltr'>divisibilitas</span> <span class='ocrx_word' id='word_1_8' title='bbox 273 232 291 263; x_wconf 88' lang='lat' dir='ltr'>et</span> <span class='ocrx_word' id='word_1_9' title='bbox 306 229 355 263; x_wconf 87' lang='lat' dir='ltr'>ratio</span> <span class='ocrx_word' id='word_1_10' title='bbox 370 239 479 263; x_wconf 82' lang='lat' dir='ltr'>mensurae.</span> <span class='ocrx_word' id='word_1_11' title='bbox 503 231 540 264; x_wconf 85' lang='lat' dir='ltr'>Sed</span> <span class='ocrx_word' id='word_1_12' title='bbox 555 240 649 264; x_wconf 84' lang='lat' dir='ltr'>numerus</span> <span class='ocrx_word' id='word_1_13' title='bbox 665 232 695 264; x_wconf 91' lang='lat' dir='ltr'>est</span> <span class='ocrx_word' id='word_1_14' title='bbox 709 229 826 264; x_wconf 89' lang='lat' dir='ltr'>huiusmodi.</span> 
     </span>
     <span class='ocr_line' id='line_1_3' title="bbox 74 283 827 328; baseline -0.001 -10"><span class='ocrx_word' id='word_1_15' title='bbox 74 285 109 318; x_wconf 89' lang='lat' dir='ltr'>Est</span> <span class='ocrx_word' id='word_1_16' title='bbox 121 284 172 318; x_wconf 90' lang='lat' dir='ltr'>enim</span> <span class='ocrx_word' id='word_1_17' title='bbox 184 294 283 325; x_wconf 86' lang='lat' dir='ltr'>numerus,</span> <span class='ocrx_word' id='word_1_18' title='bbox 296 287 317 317; x_wconf 88' lang='lat' dir='ltr'>ut</span> <span class='ocrx_word' id='word_1_19' title='bbox 329 283 397 317; x_wconf 84' lang='lat' dir='ltr'>definit</span> <span class='ocrx_word' id='word_1_20' title='bbox 409 283 540 326; x_wconf 82' lang='lat' dir='ltr'>Philosophus</span> <span class='ocrx_word' id='word_1_21' title='bbox 552 286 562 318; x_wconf 84' lang='lat'>4</span> <span class='ocrx_word' id='word_1_22' title='bbox 574 285 686 328; x_wconf 79' lang='lat' dir='ltr'>Metapbys.</span> <span class='ocrx_word' id='word_1_23' title='bbox 699 293 713 317; x_wconf 93' lang='lat' dir='ltr'>c.</span> <span class='ocrx_word' id='word_1_24' title='bbox 726 285 752 325; x_wconf 82' lang='lat'>13,</span> <span class='ocrx_word' id='word_1_25' title='bbox 764 284 827 317; x_wconf 89' lang='lat' dir='ltr'>multi-</span> 
     </span>
     <span class='ocr_line' id='line_1_4' title="bbox 73 337 827 380; baseline 0.001 -10"><span class='ocrx_word' id='word_1_26' title='bbox 73 339 120 372; x_wconf 87' lang='lat' dir='ltr'>tudo</span> <span class='ocrx_word' id='word_1_27' title='bbox 132 337 236 372; x_wconf 82' lang='lat' dir='ltr'>divisibilis</span> <span class='ocrx_word' id='word_1_28' title='bbox 250 338 356 371; x_wconf 88' lang='lat' dir='ltr'>secundum</span> <span class='ocrx_word' id='word_1_29' title='bbox 368 337 474 380; x_wconf 89' lang='lat' dir='ltr'>potentiam</span> <span class='ocrx_word' id='word_1_30' title='bbox 486 337 506 371; x_wconf 91' lang='lat' dir='ltr'>in</span> <span class='ocrx_word' id='word_1_31' title='bbox 518 341 583 380; x_wconf 89' lang='lat' dir='ltr'>partes</span> <span class='ocrx_word' id='word_1_32' title='bbox 595 348 634 372; x_wconf 91' lang='lat' dir='ltr'>non</span> <span class='ocrx_word' id='word_1_33' title='bbox 644 338 751 372; x_wconf 88' lang='lat' dir='ltr'>continuas.</span> <span class='ocrx_word' id='word_1_34' title='bbox 770 338 827 371; x_wconf 87' lang='lat' dir='ltr'>Prae·</span> 
     </span>
     <span class='ocr_line' id='line_1_5' title="bbox 73 391 827 434; baseline 0 -10"><span class='ocrx_word' id='word_1_35' title='bbox 73 393 129 433; x_wconf 86' lang='lat' dir='ltr'>terea,</span> <span class='ocrx_word' id='word_1_36' title='bbox 147 391 236 425; x_wconf 83' lang='lat' dir='ltr'>ntidem</span> <span class='ocrx_word' id='word_1_37' title='bbox 253 391 299 425; x_wconf 87' lang='lat' dir='ltr'>dicit</span> <span class='ocrx_word' id='word_1_38' title='bbox 313 393 323 425; x_wconf 83' lang='lat'>9</span> <span class='ocrx_word' id='word_1_39' title='bbox 339 391 451 434; x_wconf 77' lang='lat' dir='ltr'>Metapbys.</span> <span class='ocrx_word' id='word_1_40' title='bbox 467 400 481 424; x_wconf 89' lang='lat' dir='ltr'>c.</span> <span class='ocrx_word' id='word_1_41' title='bbox 497 394 511 433; x_wconf 84' lang='lat'>1,</span> <span class='ocrx_word' id='word_1_42' title='bbox 529 401 564 433; x_wconf 81' lang='lat' dir='ltr'>per</span> <span class='ocrx_word' id='word_1_43' title='bbox 581 402 685 426; x_wconf 87' lang='lat' dir='ltr'>numerum</span> <span class='ocrx_word' id='word_1_44' title='bbox 702 391 827 434; x_wconf 74' lang='lat' dir='ltr'>cognoscitur</span> 
     </span>
     <span class='ocr_line' id='line_1_6' title="bbox 73 445 827 487; baseline 0 -9"><span class='ocrx_word' id='word_1_45' title='bbox 73 445 171 487; x_wconf 79' lang='lat' dir='ltr'>quantitas</span> <span class='ocrx_word' id='word_1_46' title='bbox 183 445 216 478; x_wconf 91' lang='lat' dir='ltr'>rei.</span> <span class='ocrx_word' id='word_1_47' title='bbox 240 445 326 478; x_wconf 81' lang='lat' dir='ltr'>Dicimus</span> <span class='ocrx_word' id='word_1_48' title='bbox 338 445 389 478; x_wconf 91' lang='lat' dir='ltr'>enim</span> <span class='ocrx_word' id='word_1_49' title='bbox 404 445 442 478; x_wconf 86' lang='lat' dir='ltr'>tria</span> <span class='ocrx_word' id='word_1_50' title='bbox 457 445 523 484; x_wconf 89' lang='lat' dir='ltr'>stadia,</span> <span class='ocrx_word' id='word_1_51' title='bbox 540 448 580 478; x_wconf 90' lang='lat' dir='ltr'>tres</span> <span class='ocrx_word' id='word_1_52' title='bbox 594 447 654 487; x_wconf 89' lang='lat' dir='ltr'>pedes</span> <span class='ocrx_word' id='word_1_53' title='bbox 669 449 687 479; x_wconf 92' lang='lat' dir='ltr'>et</span> <span class='ocrx_word' id='word_1_54' title='bbox 703 445 781 486; x_wconf 87' lang='lat' dir='ltr'>similia;</span> <span class='ocrx_word' id='word_1_55' title='bbox 797 448 827 478; x_wconf 91' lang='lat' dir='ltr'>est</span> 
     </span>
     <span class='ocr_line' id='line_1_7' title="bbox 73 498 826 541; baseline 0.003 -10"><span class='ocrx_word' id='word_1_56' title='bbox 73 498 125 531; x_wconf 88' lang='lat' dir='ltr'>enim</span> <span class='ocrx_word' id='word_1_57' title='bbox 137 508 229 532; x_wconf 89' lang='lat' dir='ltr'>mensura</span> <span class='ocrx_word' id='word_1_58' title='bbox 240 498 265 540; x_wconf 90' lang='lat' dir='ltr'>id,</span> <span class='ocrx_word' id='word_1_59' title='bbox 282 508 320 540; x_wconf 88' lang='lat' dir='ltr'>qno</span> <span class='ocrx_word' id='word_1_60' title='bbox 337 498 461 541; x_wconf 76' lang='lat' dir='ltr'>cognoscitur</span> <span class='ocrx_word' id='word_1_61' title='bbox 475 498 573 540; x_wconf 82' lang='lat' dir='ltr'>quantitas</span> <span class='ocrx_word' id='word_1_62' title='bbox 585 498 618 532; x_wconf 89' lang='lat' dir='ltr'>rei.</span> <span class='ocrx_word' id='word_1_63' title='bbox 644 499 762 533; x_wconf 78' lang='lat' dir='ltr'>Orationem</span> <span class='ocrx_word' id='word_1_64' title='bbox 774 509 826 540; x_wconf 85' lang='lat' dir='ltr'>vere,</span> 
     </span>
     <span class='ocr_line' id='line_1_8' title="bbox 74 551 827 595; baseline 0.003 -11"><span class='ocrx_word' id='word_1_65' title='bbox 74 551 123 585; x_wconf 88' lang='lat' dir='ltr'>sicut</span> <span class='ocrx_word' id='word_1_66' title='bbox 131 552 177 585; x_wconf 91' lang='lat' dir='ltr'>dicit</span> <span class='ocrx_word' id='word_1_67' title='bbox 185 551 317 594; x_wconf 87' lang='lat' dir='ltr'>Philosophus</span> <span class='ocrx_word' id='word_1_68' title='bbox 325 551 345 584; x_wconf 91' lang='lat' dir='ltr'>in</span> <span class='ocrx_word' id='word_1_69' title='bbox 354 551 479 585; x_wconf 75' lang='lat' dir='ltr'>Praedicare.</span> <span class='ocrx_word' id='word_1_70' title='bbox 490 562 504 585; x_wconf 92' lang='grc'><strong>0.</strong></span> <span class='ocrx_word' id='word_1_71' title='bbox 513 554 528 593; x_wconf 82' lang='lat'>6,</span> <span class='ocrx_word' id='word_1_72' title='bbox 540 561 583 585; x_wconf 90' lang='lat' dir='ltr'>esse</span> <span class='ocrx_word' id='word_1_73' title='bbox 591 555 689 593; x_wconf 90' lang='lat' dir='ltr'>quantam,</span> <span class='ocrx_word' id='word_1_74' title='bbox 700 553 827 595; x_wconf 87' lang='lat' dir='ltr'>perspicuum</span> 
     </span>
    </p>
   </div>
   <div class='ocr_carea' id='block_1_3' title="bbox 73 605 877 649">
    <p class='ocr_par' dir='ltr' id='par_1_3' title="bbox 73 605 877 649">
     <span class='ocr_line' id='line_1_9' title="bbox 73 605 877 649; baseline 0.001 -10"><span class='ocrx_word' id='word_1_75' title='bbox 73 608 108 648; x_wconf 92' lang='lat' dir='ltr'>est,</span> <span class='ocrx_word' id='word_1_76' title='bbox 120 605 212 648; x_wconf 90' lang='lat' dir='ltr'>quoniam</span> <span class='ocrx_word' id='word_1_77' title='bbox 223 615 265 639; x_wconf 91' lang='lat' dir='ltr'>eam</span> <span class='ocrx_word' id='word_1_78' title='bbox 278 605 369 639; x_wconf 89' lang='lat' dir='ltr'>metimur</span> <span class='ocrx_word' id='word_1_79' title='bbox 381 606 456 648; x_wconf 80' lang='lat' dir='ltr'>syllaba</span> <span class='ocrx_word' id='word_1_80' title='bbox 468 605 524 639; x_wconf 86' lang='lat' dir='ltr'>brevi</span> <span class='ocrx_word' id='word_1_81' title='bbox 532 608 550 639; x_wconf 89' lang='lat' dir='ltr'>et</span> <span class='ocrx_word' id='word_1_82' title='bbox 559 606 626 648; x_wconf 69' lang='lat' dir='ltr'>longa,</span> <span class='ocrx_word' id='word_1_83' title='bbox 639 608 658 639; x_wconf 92' lang='lat' dir='ltr'>et</span> <span class='ocrx_word' id='word_1_84' title='bbox 665 606 731 648; x_wconf 89' lang='lat' dir='ltr'>plures</span> <span class='ocrx_word' id='word_1_85' title='bbox 741 607 826 649; x_wconf 88' lang='lat' dir='ltr'>syllabae</span> <span class='ocrx_word' id='word_1_86' title='bbox 875 623 877 625; x_wconf 58' lang='lat'>&gt;</span> 
     </span>
    </p>
   </div>
   <div class='ocr_carea' id='block_1_4' title="bbox 73 659 827 864">
    <p class='ocr_par' dir='ltr' id='par_1_4' title="bbox 73 659 827 864">
     <span class='ocr_line' id='line_1_10' title="bbox 73 659 827 703; baseline 0.001 -10"><span class='ocrx_word' id='word_1_87' title='bbox 73 659 118 701; x_wconf 90' lang='lat' dir='ltr'>plus</span> <span class='ocrx_word' id='word_1_88' title='bbox 130 660 202 693; x_wconf 87' lang='lat' dir='ltr'>durant</span> <span class='ocrx_word' id='word_1_89' title='bbox 213 669 272 701; x_wconf 87' lang='lat' dir='ltr'>quam</span> <span class='ocrx_word' id='word_1_90' title='bbox 284 669 328 693; x_wconf 87' lang='lat' dir='ltr'>una.</span> <span class='ocrx_word' id='word_1_91' title='bbox 348 659 415 693; x_wconf 81' lang='lat' dir='ltr'>Oratio</span> <span class='ocrx_word' id='word_1_92' title='bbox 427 659 483 701; x_wconf 85' lang='lat' dir='ltr'>enim,</span> <span class='ocrx_word' id='word_1_93' title='bbox 495 660 539 693; x_wconf 84' lang='lat' dir='ltr'>licet</span> <span class='ocrx_word' id='word_1_94' title='bbox 551 659 626 693; x_wconf 86' lang='lat' dir='ltr'>dicatur</span> <span class='ocrx_word' id='word_1_95' title='bbox 637 670 677 693; x_wconf 84' lang='lat' dir='ltr'>vox</span> <span class='ocrx_word' id='word_1_96' title='bbox 689 663 794 703; x_wconf 82' lang='lat' dir='ltr'>aggregata</span> <span class='ocrx_word' id='word_1_97' title='bbox 803 670 827 693; x_wconf 87' lang='lat' dir='ltr'>ex</span> 
     </span>
     <span class='ocr_line' id='line_1_11' title="bbox 74 713 827 757; baseline -0.001 -10"><span class='ocrx_word' id='word_1_98' title='bbox 74 713 170 747; x_wconf 89' lang='lat' dir='ltr'>distinctis</span> <span class='ocrx_word' id='word_1_99' title='bbox 183 714 269 756; x_wconf 80' lang='lat' dir='ltr'>syllabis,</span> <span class='ocrx_word' id='word_1_100' title='bbox 286 724 325 747; x_wconf 91' lang='lat' dir='ltr'>non</span> <span class='ocrx_word' id='word_1_101' title='bbox 340 716 404 747; x_wconf 87' lang='lat' dir='ltr'>tamen</span> <span class='ocrx_word' id='word_1_102' title='bbox 420 713 504 747; x_wconf 84' lang='lat' dir='ltr'>sumitur</span> <span class='ocrx_word' id='word_1_103' title='bbox 518 723 555 756; x_wconf 90' lang='lat' dir='ltr'>pro</span> <span class='ocrx_word' id='word_1_104' title='bbox 569 713 612 756; x_wconf 88' lang='lat' dir='ltr'>ipsa</span> <span class='ocrx_word' id='word_1_105' title='bbox 624 723 676 755; x_wconf 92' lang='lat' dir='ltr'>voce,</span> <span class='ocrx_word' id='word_1_106' title='bbox 693 716 715 747; x_wconf 92' lang='lat' dir='ltr'>ut</span> <span class='ocrx_word' id='word_1_107' title='bbox 727 717 756 747; x_wconf 89' lang='lat' dir='ltr'>est</span> <span class='ocrx_word' id='word_1_108' title='bbox 768 714 827 757; x_wconf 87' lang='lat' dir='ltr'>quali·</span> 
     </span>
     <span class='ocr_line' id='line_1_12' title="bbox 74 767 827 810; baseline 0 -9"><span class='ocrx_word' id='word_1_109' title='bbox 74 768 119 801; x_wconf 91' lang='lat' dir='ltr'>tatis</span> <span class='ocrx_word' id='word_1_110' title='bbox 132 767 210 810; x_wconf 85' lang='lat' dir='ltr'>species,</span> <span class='ocrx_word' id='word_1_111' title='bbox 223 768 258 801; x_wconf 89' lang='lat' dir='ltr'>sed</span> <span class='ocrx_word' id='word_1_112' title='bbox 269 777 305 810; x_wconf 90' lang='lat' dir='ltr'>pro</span> <span class='ocrx_word' id='word_1_113' title='bbox 317 767 387 810; x_wconf 90' lang='lat' dir='ltr'>aliquo,</span> <span class='ocrx_word' id='word_1_114' title='bbox 400 768 452 810; x_wconf 86' lang='lat' dir='ltr'>quod</span> <span class='ocrx_word' id='word_1_115' title='bbox 464 768 526 801; x_wconf 91' lang='lat' dir='ltr'>estin</span> <span class='ocrx_word' id='word_1_116' title='bbox 538 777 590 807; x_wconf 90' lang='lat' dir='ltr'>voce,</span> <span class='ocrx_word' id='word_1_117' title='bbox 602 770 649 809; x_wconf 90' lang='lat' dir='ltr'>puta</span> <span class='ocrx_word' id='word_1_118' title='bbox 660 777 697 810; x_wconf 86' lang='lat' dir='ltr'>pro</span> <span class='ocrx_word' id='word_1_119' title='bbox 706 767 827 801; x_wconf 82' lang='lat' dir='ltr'>successione</span> 
     </span>
     <span class='ocr_line' id='line_1_13' title="bbox 74 821 699 864; baseline 0.002 -10"><span class='ocrx_word' id='word_1_120' title='bbox 74 821 222 856; x_wconf 84' lang='lat' dir='ltr'>indivisibilium</span> <span class='ocrx_word' id='word_1_121' title='bbox 235 822 354 864; x_wconf 83' lang='lat' dir='ltr'>syllabarum</span> <span class='ocrx_word' id='word_1_122' title='bbox 367 831 402 856; x_wconf 90' lang='lat' dir='ltr'>seu</span> <span class='ocrx_word' id='word_1_123' title='bbox 414 821 524 856; x_wconf 90' lang='lat' dir='ltr'>successiva</span> <span class='ocrx_word' id='word_1_124' title='bbox 536 831 629 855; x_wconf 89' lang='lat' dir='ltr'>mensura</span> <span class='ocrx_word' id='word_1_125' title='bbox 640 821 699 856; x_wconf 83' lang='lat' dir='ltr'>vocis.</span> 
     </span>
    </p>
   </div>
   <div class='ocr_carea' id='block_1_5' title="bbox 74 898 828 1266">
    <p class='ocr_par' dir='ltr' id='par_1_5' title="bbox 74 898 828 1266">
     <span class='ocr_line' id='line_1_14' title="bbox 140 898 827 941; baseline 0 -10"><span class='ocrx_word' id='word_1_126' title='bbox 140 898 168 932; x_wconf 78' lang='lat' dir='ltr'>An</span> <span class='ocrx_word' id='word_1_127' title='bbox 180 909 242 931; x_wconf 78' lang='grc'><strong>1111111111</strong></span> <span class='ocrx_word' id='word_1_128' title='bbox 254 909 296 931; x_wconf 80' lang='lat' dir='ltr'>aneo</span> <span class='ocrx_word' id='word_1_129' title='bbox 308 909 388 931; x_wconf 79' lang='lat' dir='ltr'>nicannuu</span> <span class='ocrx_word' id='word_1_130' title='bbox 400 899 453 941; x_wconf 89' lang='lat' dir='ltr'>quod</span> <span class='ocrx_word' id='word_1_131' title='bbox 464 898 518 932; x_wconf 90' lang='lat' dir='ltr'>locus</span> <span class='ocrx_word' id='word_1_132' title='bbox 530 901 549 932; x_wconf 89' lang='lat' dir='ltr'>et</span> <span class='ocrx_word' id='word_1_133' title='bbox 560 901 644 941; x_wconf 87' lang='lat' dir='ltr'>tempus,</span> <span class='ocrx_word' id='word_1_134' title='bbox 656 898 763 932; x_wconf 88' lang='lat' dir='ltr'>secundum</span> <span class='ocrx_word' id='word_1_135' title='bbox 775 898 827 941; x_wconf 89' lang='lat' dir='ltr'>quod</span> 
     </span>
     <span class='ocr_line' id='line_1_15' title="bbox 75 953 827 996; baseline 0.001 -10"><span class='ocrx_word' id='word_1_136' title='bbox 75 956 121 986; x_wconf 89' lang='lat' dir='ltr'>sunt</span> <span class='ocrx_word' id='word_1_137' title='bbox 130 962 238 995; x_wconf 86' lang='lat' dir='ltr'>mensurae,</span> <span class='ocrx_word' id='word_1_138' title='bbox 250 953 361 996; x_wconf 75' lang='lat' dir='ltr'>dupliciter</span> <span class='ocrx_word' id='word_1_139' title='bbox 368 955 452 996; x_wconf 88' lang='lat' dir='ltr'>possunt</span> <span class='ocrx_word' id='word_1_140' title='bbox 461 953 585 987; x_wconf 88' lang='lat' dir='ltr'>considerari.</span> <span class='ocrx_word' id='word_1_141' title='bbox 601 953 643 987; x_wconf 89' lang='lat' dir='ltr'>Uno</span> <span class='ocrx_word' id='word_1_142' title='bbox 652 953 711 987; x_wconf 88' lang='lat' dir='ltr'>modo</span> <span class='ocrx_word' id='word_1_143' title='bbox 721 953 827 987; x_wconf 90' lang='lat' dir='ltr'>secundum</span> 
     </span>
     <span class='ocr_line' id='line_1_16' title="bbox 74 1007 827 1050; baseline 0 -9"><span class='ocrx_word' id='word_1_144' title='bbox 74 1007 179 1049; x_wconf 89' lang='lat' dir='ltr'>positivam</span> <span class='ocrx_word' id='word_1_145' title='bbox 191 1007 295 1049; x_wconf 83' lang='lat' dir='ltr'>entitatem,</span> <span class='ocrx_word' id='word_1_146' title='bbox 311 1008 417 1042; x_wconf 88' lang='lat' dir='ltr'>secundum</span> <span class='ocrx_word' id='word_1_147' title='bbox 433 1017 492 1050; x_wconf 87' lang='lat' dir='ltr'>quam</span> <span class='ocrx_word' id='word_1_148' title='bbox 508 1010 553 1042; x_wconf 92' lang='lat' dir='ltr'>sunt</span> <span class='ocrx_word' id='word_1_149' title='bbox 564 1007 714 1041; x_wconf 81' lang='lat' dir='ltr'>tundamentum</span> <span class='ocrx_word' id='word_1_150' title='bbox 728 1007 827 1041; x_wconf 83' lang='lat' dir='ltr'>relationis</span> 
     </span>
     <span class='ocr_line' id='line_1_17' title="bbox 75 1053 828 1105; baseline 0 -10"><span class='ocrx_word' id='word_1_151' title='bbox 75 1071 183 1095; x_wconf 87' lang='lat' dir='ltr'>mensurae.</span> <span class='ocrx_word' id='word_1_152' title='bbox 196 1062 221 1094; x_wconf 85' lang='lat' dir='ltr'>Et</span> <span class='ocrx_word' id='word_1_153' title='bbox 228 1062 265 1095; x_wconf 92' lang='lat' dir='ltr'>hoc</span> <span class='ocrx_word' id='word_1_154' title='bbox 271 1062 329 1095; x_wconf 90' lang='lat' dir='ltr'>modo</span> <span class='ocrx_word' id='word_1_155' title='bbox 336 1064 423 1104; x_wconf 85' lang='lat' dir='ltr'>spectant</span> <span class='ocrx_word' id='word_1_156' title='bbox 429 1062 454 1095; x_wconf 92' lang='lat' dir='ltr'>ad</span> <span class='ocrx_word' id='word_1_157' title='bbox 460 1071 522 1104; x_wconf 82' lang='lat' dir='ltr'>genus</span> <span class='ocrx_word' id='word_1_158' title='bbox 529 1061 642 1104; x_wconf 84' lang='lat' dir='ltr'>quantitatis</span> <span class='ocrx_word' id='word_1_159' title='bbox 649 1064 741 1104; x_wconf 86' lang='lat' dir='ltr'>tanquam</span> <span class='ocrx_word' id='word_1_160' title='bbox 749 1053 828 1105; x_wconf 85' lang='lat' dir='ltr'>species.</span> 
     </span>
     <span class='ocr_line' id='line_1_18' title="bbox 74 1114 827 1158; baseline 0 -10"><span class='ocrx_word' id='word_1_161' title='bbox 74 1114 122 1150; x_wconf 79' lang='lat' dir='ltr'>Alio</span> <span class='ocrx_word' id='word_1_162' title='bbox 134 1116 192 1149; x_wconf 90' lang='lat' dir='ltr'>modo</span> <span class='ocrx_word' id='word_1_163' title='bbox 204 1118 288 1158; x_wconf 88' lang='lat' dir='ltr'>possunt</span> <span class='ocrx_word' id='word_1_164' title='bbox 296 1115 419 1158; x_wconf 88' lang='lat' dir='ltr'>considerari,</span> <span class='ocrx_word' id='word_1_165' title='bbox 432 1116 539 1150; x_wconf 89' lang='lat' dir='ltr'>secundum</span> <span class='ocrx_word' id='word_1_166' title='bbox 548 1116 601 1158; x_wconf 86' lang='lat' dir='ltr'>quod</span> <span class='ocrx_word' id='word_1_167' title='bbox 608 1125 643 1158; x_wconf 85' lang='lat' dir='ltr'>per</span> <span class='ocrx_word' id='word_1_168' title='bbox 651 1115 827 1150; x_wconf 85' lang='lat' dir='ltr'>denominationem</span> 
     </span>
     <span class='ocr_line' id='line_1_19' title="bbox 75 1169 828 1213; baseline 0.001 -11"><span class='ocrx_word' id='word_1_169' title='bbox 75 1178 99 1201; x_wconf 82' lang='lat' dir='ltr'>ex</span> <span class='ocrx_word' id='word_1_170' title='bbox 107 1170 140 1203; x_wconf 92' lang='lat' dir='ltr'>tali</span> <span class='ocrx_word' id='word_1_171' title='bbox 148 1170 275 1204; x_wconf 85' lang='lat' dir='ltr'>fundamento</span> <span class='ocrx_word' id='word_1_172' title='bbox 285 1169 357 1212; x_wconf 85' lang='lat' dir='ltr'>aliquid</span> <span class='ocrx_word' id='word_1_173' title='bbox 370 1170 440 1204; x_wconf 87' lang='lat' dir='ltr'>dicitnr</span> <span class='ocrx_word' id='word_1_174' title='bbox 452 1179 495 1204; x_wconf 89' lang='lat' dir='ltr'>esse</span> <span class='ocrx_word' id='word_1_175' title='bbox 507 1171 585 1213; x_wconf 88' lang='lat' dir='ltr'>quando</span> <span class='ocrx_word' id='word_1_176' title='bbox 593 1170 624 1204; x_wconf 83' lang='lat' dir='ltr'>vel</span> <span class='ocrx_word' id='word_1_177' title='bbox 632 1170 671 1204; x_wconf 87' lang='lat' dir='ltr'>ubi.</span> <span class='ocrx_word' id='word_1_178' title='bbox 692 1171 716 1203; x_wconf 80' lang='lat' dir='ltr'>ut</span> <span class='ocrx_word' id='word_1_179' title='bbox 725 1170 761 1204; x_wconf 89' lang='lat' dir='ltr'>hoc</span> <span class='ocrx_word' id='word_1_180' title='bbox 769 1170 828 1204; x_wconf 86' lang='lat' dir='ltr'>modo</span> 
     </span>
     <span class='ocr_line' id='line_1_20' title="bbox 75 1223 503 1266; baseline 0.005 -10"><span class='ocrx_word' id='word_1_181' title='bbox 75 1223 252 1264; x_wconf 87' lang='lat' dir='ltr'>praedicamentum</span> <span class='ocrx_word' id='word_1_182' title='bbox 264 1223 367 1266; x_wconf 89' lang='lat' dir='ltr'>proprium</span> <span class='ocrx_word' id='word_1_183' title='bbox 379 1224 503 1258; x_wconf 85' lang='lat' dir='ltr'>constituunt.</span> 
     </span>
    </p>
   </div>
   <div class='ocr_carea' id='block_1_6' title="bbox 75 1288 830 1593">
    <p class='ocr_par' dir='ltr' id='par_1_6' title="bbox 75 1288 830 1593">
     <span class='ocr_line' id='line_1_21' title="bbox 140 1288 828 1332; baseline 0 -10"><span class='ocrx_word' id='word_1_184' title='bbox 140 1289 166 1322; x_wconf 87' lang='lat' dir='ltr'>An</span> <span class='ocrx_word' id='word_1_185' title='bbox 178 1299 260 1321; x_wconf 74' lang='lat' dir='ltr'>sacurem</span> <span class='ocrx_word' id='word_1_186' title='bbox 271 1299 351 1321; x_wconf 76' lang='lat' dir='ltr'>arcanam</span> <span class='ocrx_word' id='word_1_187' title='bbox 362 1289 415 1332; x_wconf 91' lang='lat' dir='ltr'>quod</span> <span class='ocrx_word' id='word_1_188' title='bbox 426 1298 526 1331; x_wconf 89' lang='lat' dir='ltr'>numerus,</span> <span class='ocrx_word' id='word_1_189' title='bbox 538 1288 572 1331; x_wconf 89' lang='lat' dir='ltr'>qni</span> <span class='ocrx_word' id='word_1_190' title='bbox 584 1291 614 1322; x_wconf 91' lang='lat' dir='ltr'>est</span> <span class='ocrx_word' id='word_1_191' title='bbox 626 1289 699 1331; x_wconf 87' lang='lat' dir='ltr'>species</span> <span class='ocrx_word' id='word_1_192' title='bbox 708 1288 828 1331; x_wconf 83' lang='lat' dir='ltr'>quantitatis,</span> 
     </span>
     <span class='ocr_line' id='line_1_22' title="bbox 76 1342 828 1377; baseline 0.001 -2"><span class='ocrx_word' id='word_1_193' title='bbox 76 1345 167 1376; x_wconf 86' lang='lat' dir='ltr'>causatur</span> <span class='ocrx_word' id='word_1_194' title='bbox 179 1352 204 1376; x_wconf 85' lang='lat' dir='ltr'>ex</span> <span class='ocrx_word' id='word_1_195' title='bbox 215 1343 311 1377; x_wconf 88' lang='lat' dir='ltr'>divisione</span> <span class='ocrx_word' id='word_1_196' title='bbox 323 1343 413 1376; x_wconf 89' lang='lat' dir='ltr'>continui.</span> <span class='ocrx_word' id='word_1_197' title='bbox 434 1343 458 1376; x_wconf 85' lang='lat' dir='ltr'>Et</span> <span class='ocrx_word' id='word_1_198' title='bbox 466 1342 497 1376; x_wconf 91' lang='lat' dir='ltr'>hic</span> <span class='ocrx_word' id='word_1_199' title='bbox 505 1352 599 1376; x_wconf 92' lang='lat' dir='ltr'>numerus</span> <span class='ocrx_word' id='word_1_200' title='bbox 607 1352 647 1377; x_wconf 90' lang='lat' dir='ltr'>non</span> <span class='ocrx_word' id='word_1_201' title='bbox 655 1345 684 1376; x_wconf 90' lang='lat' dir='ltr'>est</span> <span class='ocrx_word' id='word_1_202' title='bbox 692 1343 731 1376; x_wconf 90' lang='lat' dir='ltr'>nisi</span> <span class='ocrx_word' id='word_1_203' title='bbox 739 1342 759 1376; x_wconf 90' lang='lat' dir='ltr'>in</span> <span class='ocrx_word' id='word_1_204' title='bbox 768 1344 828 1377; x_wconf 86' lang='lat' dir='ltr'>rebus</span> 
     </span>
     <span class='ocr_line' id='line_1_23' title="bbox 75 1396 829 1431; baseline 0.001 -2"><span class='ocrx_word' id='word_1_205' title='bbox 75 1396 208 1431; x_wconf 87' lang='lat' dir='ltr'>materialibus</span> <span class='ocrx_word' id='word_1_206' title='bbox 220 1400 239 1430; x_wconf 92' lang='lat' dir='ltr'>et</span> <span class='ocrx_word' id='word_1_207' title='bbox 247 1399 277 1430; x_wconf 92' lang='lat' dir='ltr'>est</span> <span class='ocrx_word' id='word_1_208' title='bbox 285 1396 393 1431; x_wconf 87' lang='lat' dir='ltr'>subiectum</span> <span class='ocrx_word' id='word_1_209' title='bbox 401 1396 543 1430; x_wconf 81' lang='lat' dir='ltr'>Arithmetieae.</span> <span class='ocrx_word' id='word_1_210' title='bbox 562 1397 586 1429; x_wconf 91' lang='lat' dir='ltr'>In</span> <span class='ocrx_word' id='word_1_211' title='bbox 594 1396 754 1431; x_wconf 85' lang='lat' dir='ltr'>immaterialibus</span> <span class='ocrx_word' id='word_1_212' title='bbox 764 1400 829 1431; x_wconf 92' lang='lat' dir='ltr'>autem</span> 
     </span>
     <span class='ocr_line' id='line_1_24' title="bbox 76 1450 829 1494; baseline 0.001 -11"><span class='ocrx_word' id='word_1_213' title='bbox 76 1454 106 1484; x_wconf 92' lang='lat' dir='ltr'>est</span> <span class='ocrx_word' id='word_1_214' title='bbox 117 1451 226 1492; x_wconf 87' lang='lat' dir='ltr'>multitudo,</span> <span class='ocrx_word' id='word_1_215' title='bbox 239 1461 288 1494; x_wconf 90' lang='lat' dir='ltr'>quae</span> <span class='ocrx_word' id='word_1_216' title='bbox 300 1451 406 1493; x_wconf 91' lang='lat' dir='ltr'>opponitur</span> <span class='ocrx_word' id='word_1_217' title='bbox 417 1450 457 1492; x_wconf 89' lang='lat' dir='ltr'>uni,</span> <span class='ocrx_word' id='word_1_218' title='bbox 469 1451 522 1493; x_wconf 90' lang='lat' dir='ltr'>quod</span> <span class='ocrx_word' id='word_1_219' title='bbox 534 1450 654 1485; x_wconf 87' lang='lat' dir='ltr'>convertitur</span> <span class='ocrx_word' id='word_1_220' title='bbox 663 1461 707 1484; x_wconf 90' lang='lat' dir='ltr'>cum</span> <span class='ocrx_word' id='word_1_221' title='bbox 715 1453 767 1492; x_wconf 84' lang='lat' dir='ltr'>ente3</span> <span class='ocrx_word' id='word_1_222' title='bbox 780 1460 829 1493; x_wconf 87' lang='lat' dir='ltr'>quae</span> 
     </span>
     <span class='ocr_line' id='line_1_25' title="bbox 76 1504 830 1547; baseline 0.001 -10"><span class='ocrx_word' id='word_1_223' title='bbox 76 1507 167 1538; x_wconf 85' lang='lat' dir='ltr'>causatur</span> <span class='ocrx_word' id='word_1_224' title='bbox 179 1514 203 1538; x_wconf 80' lang='lat' dir='ltr'>ex</span> <span class='ocrx_word' id='word_1_225' title='bbox 215 1505 310 1540; x_wconf 86' lang='lat' dir='ltr'>divisione</span> <span class='ocrx_word' id='word_1_226' title='bbox 321 1505 404 1545; x_wconf 78' lang='lat' dir='ltr'>formali,</span> <span class='ocrx_word' id='word_1_227' title='bbox 420 1514 469 1547; x_wconf 89' lang='lat' dir='ltr'>qnae</span> <span class='ocrx_word' id='word_1_228' title='bbox 485 1508 515 1539; x_wconf 90' lang='grc' dir='ltr'>θεῖ</span> <span class='ocrx_word' id='word_1_229' title='bbox 530 1514 566 1547; x_wconf 87' lang='lat' dir='ltr'>per</span> <span class='ocrx_word' id='word_1_230' title='bbox 577 1504 652 1539; x_wconf 85' lang='lat' dir='ltr'>tormas</span> <span class='ocrx_word' id='word_1_231' title='bbox 664 1505 759 1547; x_wconf 91' lang='lat' dir='ltr'>quasdam</span> <span class='ocrx_word' id='word_1_232' title='bbox 771 1514 830 1547; x_wconf 92' lang='lat' dir='ltr'>oppo-</span> 
     </span>
     <span class='ocr_line' id='line_1_26' title="bbox 77 1557 803 1593; baseline 0.001 -2"><span class='ocrx_word' id='word_1_233' title='bbox 77 1557 124 1592; x_wconf 91' lang='lat' dir='ltr'>sitas</span> <span class='ocrx_word' id='word_1_234' title='bbox 136 1559 167 1593; x_wconf 84' lang='lat' dir='ltr'>vel</span> <span class='ocrx_word' id='word_1_235' title='bbox 179 1559 278 1593; x_wconf 88' lang='lat' dir='ltr'>absolutas</span> <span class='ocrx_word' id='word_1_236' title='bbox 290 1559 321 1593; x_wconf 85' lang='lat' dir='ltr'>vel</span> <span class='ocrx_word' id='word_1_237' title='bbox 333 1559 430 1593; x_wconf 88' lang='lat' dir='ltr'>relativas.</span> <span class='ocrx_word' id='word_1_238' title='bbox 454 1559 479 1591; x_wconf 85' lang='lat' dir='ltr'>Et</span> <span class='ocrx_word' id='word_1_239' title='bbox 491 1559 534 1592; x_wconf 87' lang='lat' dir='ltr'>talis</span> <span class='ocrx_word' id='word_1_240' title='bbox 546 1568 640 1593; x_wconf 87' lang='lat' dir='ltr'>numerus</span> <span class='ocrx_word' id='word_1_241' title='bbox 653 1559 714 1593; x_wconf 91' lang='lat' dir='ltr'>estin</span> <span class='ocrx_word' id='word_1_242' title='bbox 726 1558 803 1593; x_wconf 88' lang='lat' dir='ltr'>divinis.</span> 
     </span>
    </p>
   </div>
   <div class='ocr_carea' id='block_1_7' title="bbox 141 1624 536 1668">
    <p class='ocr_par' dir='ltr' id='par_1_7' title="bbox 141 1624 536 1668">
     <span class='ocr_line' id='line_1_27' title="bbox 141 1624 536 1668; baseline 0.003 -12"><span class='ocrx_word' id='word_1_243' title='bbox 141 1624 167 1657; x_wconf 84' lang='lat' dir='ltr'>An</span> <span class='ocrx_word' id='word_1_244' title='bbox 179 1634 249 1658; x_wconf 78' lang='lat' dir='ltr'>raanan</span> <span class='ocrx_word' id='word_1_245' title='bbox 260 1627 313 1668; x_wconf 87' lang='lat' dir='ltr'>patet</span> <span class='ocrx_word' id='word_1_246' title='bbox 324 1624 426 1667; x_wconf 86' lang='lat' dir='ltr'>responsio</span> <span class='ocrx_word' id='word_1_247' title='bbox 438 1634 463 1657; x_wconf 87' lang='lat' dir='ltr'>ex</span> <span class='ocrx_word' id='word_1_248' title='bbox 474 1624 536 1658; x_wconf 88' lang='lat' dir='ltr'>dictis.</span> 
     </span>
    </p>
   </div>
   <div class='ocr_carea' id='block_1_8' title="bbox 149 1828 755 1951">
    <p class='ocr_par' dir='ltr' id='par_1_8' title="bbox 149 1828 755 1951">
     <span class='ocr_line' id='line_1_28' title="bbox 339 1828 566 1869; baseline 0 -8"><span class='ocrx_word' id='word_1_249' title='bbox 339 1829 461 1862; x_wconf 85' lang='lat' dir='ltr'>ARTIGULUS</span> <span class='ocrx_word' id='word_1_250' title='bbox 473 1828 566 1869; x_wconf 81' lang='lat' dir='ltr'>QUINTUS</span> 
     </span>
     <span class='ocr_line' id='line_1_29' title="bbox 149 1914 755 1951; baseline -0.002 -7"><span class='ocrx_word' id='word_1_251' title='bbox 149 1917 211 1944; x_wconf 75' lang='lat' dir='ltr'>uranu</span> <span class='ocrx_word' id='word_1_252' title='bbox 225 1916 267 1945; x_wconf 82' lang='lat' dir='ltr'>SINT</span> <span class='ocrx_word' id='word_1_253' title='bbox 281 1917 339 1945; x_wconf 70' lang='lat' dir='ltr'>auctu</span> <span class='ocrx_word' id='word_1_254' title='bbox 354 1916 469 1945; x_wconf 69' lang='lat' dir='ltr'>nestoriane</span> <span class='ocrx_word' id='word_1_255' title='bbox 482 1915 618 1945; x_wconf 76' lang='lat' dir='ltr'>Pnoaarurarus</span> <span class='ocrx_word' id='word_1_256' title='bbox 632 1914 755 1951; x_wconf 75' lang='lat' dir='ltr'>QUANTlTthS</span> 
     </span>
    </p>
   </div>
   <div class='ocr_carea' id='block_1_9' title="bbox 78 2002 832 2372">
    <p class='ocr_par' dir='ltr' id='par_1_9' title="bbox 78 2002 832 2372">
     <span class='ocr_line' id='line_1_30' title="bbox 107 2002 831 2045; baseline -0.001 -9"><span class='ocrx_word' id='word_1_257' title='bbox 107 2015 117 2036; x_wconf 85' lang='lat' dir='ltr'>n</span> <span class='ocrx_word' id='word_1_258' title='bbox 132 2014 202 2042; x_wconf 73' lang='lat' dir='ltr'>corinun</span> <span class='ocrx_word' id='word_1_259' title='bbox 216 2013 239 2036; x_wconf 84' lang='lat' dir='ltr'>sm</span> <span class='ocrx_word' id='word_1_260' title='bbox 253 2013 358 2036; x_wconf 80' lang='lat' dir='ltr'>rnocrmrun.</span> <span class='ocrx_word' id='word_1_261' title='bbox 381 2003 462 2037; x_wconf 87' lang='lat' dir='ltr'>Videtur</span> <span class='ocrx_word' id='word_1_262' title='bbox 477 2003 530 2045; x_wconf 86' lang='lat' dir='ltr'>quod</span> <span class='ocrx_word' id='word_1_263' title='bbox 546 2012 586 2036; x_wconf 89' lang='lat' dir='ltr'>non</span> <span class='ocrx_word' id='word_1_264' title='bbox 598 2002 637 2036; x_wconf 87' lang='lat' dir='ltr'>sint</span> <span class='ocrx_word' id='word_1_265' title='bbox 653 2004 704 2036; x_wconf 86' lang='lat' dir='ltr'>recte</span> <span class='ocrx_word' id='word_1_266' title='bbox 720 2002 831 2045; x_wconf 80' lang='lat' dir='ltr'>assignatae</span> 
     </span>
     <span class='ocr_line' id='line_1_31' title="bbox 78 2014 831 2100; baseline 0.001 -12"><span class='ocrx_word' id='word_1_267' title='bbox 78 2014 106 2088; x_wconf 72' lang='grc' dir='ltr'>Α</span> <span class='ocrx_word' id='word_1_268' title='bbox 119 2057 248 2100; x_wconf 85' lang='lat' dir='ltr'>proprietates</span> <span class='ocrx_word' id='word_1_269' title='bbox 261 2057 382 2100; x_wconf 87' lang='lat' dir='ltr'>quantitatis:</span> <span class='ocrx_word' id='word_1_270' title='bbox 396 2057 448 2100; x_wconf 86' lang='lat' dir='ltr'>quod</span> <span class='ocrx_word' id='word_1_271' title='bbox 460 2066 499 2091; x_wconf 91' lang='lat' dir='ltr'>non</span> <span class='ocrx_word' id='word_1_272' title='bbox 510 2058 580 2090; x_wconf 88' lang='lat' dir='ltr'>habeat</span> <span class='ocrx_word' id='word_1_273' title='bbox 592 2056 717 2098; x_wconf 88' lang='lat' dir='ltr'>contrarium,</span> <span class='ocrx_word' id='word_1_274' title='bbox 730 2056 783 2098; x_wconf 88' lang='lat' dir='ltr'>quod</span> <span class='ocrx_word' id='word_1_275' title='bbox 791 2066 831 2089; x_wconf 91' lang='lat' dir='ltr'>non</span> 
     </span>
     <span class='ocr_line' id='line_1_32' title="bbox 79 2109 832 2155; baseline -0.004 -9"><span class='ocrx_word' id='word_1_276' title='bbox 79 2112 172 2155; x_wconf 87' lang='lat' dir='ltr'>suspiciat</span> <span class='ocrx_word' id='word_1_277' title='bbox 183 2112 246 2155; x_wconf 81' lang='lat' dir='ltr'>magis</span> <span class='ocrx_word' id='word_1_278' title='bbox 258 2115 277 2146; x_wconf 90' lang='lat' dir='ltr'>et</span> <span class='ocrx_word' id='word_1_279' title='bbox 289 2112 353 2145; x_wconf 93' lang='lat' dir='ltr'>minus</span> <span class='ocrx_word' id='word_1_280' title='bbox 366 2115 384 2146; x_wconf 91' lang='lat' dir='ltr'>et</span> <span class='ocrx_word' id='word_1_281' title='bbox 396 2112 449 2154; x_wconf 92' lang='lat' dir='ltr'>quod</span> <span class='ocrx_word' id='word_1_282' title='bbox 461 2111 545 2145; x_wconf 83' lang='lat' dir='ltr'>maxime</span> <span class='ocrx_word' id='word_1_283' title='bbox 557 2111 660 2153; x_wconf 88' lang='lat' dir='ltr'>proprium</span> <span class='ocrx_word' id='word_1_284' title='bbox 675 2110 700 2144; x_wconf 89' lang='lat' dir='ltr'>sit</span> <span class='ocrx_word' id='word_1_285' title='bbox 712 2110 780 2152; x_wconf 87' lang='lat' dir='ltr'>quanti</span> <span class='ocrx_word' id='word_1_286' title='bbox 795 2109 832 2143; x_wconf 90' lang='lat' dir='ltr'>dici</span> 
     </span>
     <span class='ocr_line' id='line_1_33' title="bbox 78 2158 831 2210; baseline -0.003 -11"><span class='ocrx_word' id='word_1_287' title='bbox 78 2158 156 2209; x_wconf 86' lang='lat' dir='ltr'>aequale</span> <span class='ocrx_word' id='word_1_288' title='bbox 165 2166 196 2200; x_wconf 90' lang='lat' dir='ltr'>vel</span> <span class='ocrx_word' id='word_1_289' title='bbox 204 2166 309 2210; x_wconf 85' lang='lat' dir='ltr'>inaequale.</span> <span class='ocrx_word' id='word_1_290' title='bbox 329 2166 379 2200; x_wconf 89' lang='lat' dir='ltr'>Dicit</span> <span class='ocrx_word' id='word_1_291' title='bbox 386 2166 438 2200; x_wconf 87' lang='lat' dir='ltr'>enim</span> <span class='ocrx_word' id='word_1_292' title='bbox 446 2165 577 2208; x_wconf 88' lang='lat' dir='ltr'>Philosophus</span> <span class='ocrx_word' id='word_1_293' title='bbox 587 2166 597 2199; x_wconf 86' lang='lat'>9</span> <span class='ocrx_word' id='word_1_294' title='bbox 605 2165 717 2208; x_wconf 75' lang='lat' dir='ltr'>Metapleys.</span> <span class='ocrx_word' id='word_1_295' title='bbox 727 2174 742 2197; x_wconf 92' lang='grc'><strong>0.</strong></span> <span class='ocrx_word' id='word_1_296' title='bbox 751 2167 766 2206; x_wconf 84' lang='lat'>5,</span> <span class='ocrx_word' id='word_1_297' title='bbox 778 2164 831 2206; x_wconf 89' lang='lat' dir='ltr'>quod</span> 
     </span>
     <span class='ocr_line' id='line_1_34' title="bbox 78 2219 832 2263; baseline -0.003 -10"><span class='ocrx_word' id='word_1_298' title='bbox 78 2230 171 2263; x_wconf 80' lang='lat' dir='ltr'>magnum</span> <span class='ocrx_word' id='word_1_299' title='bbox 183 2223 202 2254; x_wconf 88' lang='lat' dir='ltr'>et</span> <span class='ocrx_word' id='word_1_300' title='bbox 213 2230 297 2262; x_wconf 84' lang='lat' dir='ltr'>parvum</span> <span class='ocrx_word' id='word_1_301' title='bbox 310 2222 355 2254; x_wconf 90' lang='lat' dir='ltr'>sunt</span> <span class='ocrx_word' id='word_1_302' title='bbox 367 2219 468 2261; x_wconf 87' lang='lat' dir='ltr'>contraria,</span> <span class='ocrx_word' id='word_1_303' title='bbox 481 2222 499 2253; x_wconf 91' lang='lat' dir='ltr'>et</span> <span class='ocrx_word' id='word_1_304' title='bbox 511 2229 526 2253; x_wconf 76' lang='grc'><strong>0.</strong></span> <span class='ocrx_word' id='word_1_305' title='bbox 538 2221 553 2261; x_wconf 80' lang='lat'>6,</span> <span class='ocrx_word' id='word_1_306' title='bbox 568 2219 621 2261; x_wconf 89' lang='lat' dir='ltr'>quod</span> <span class='ocrx_word' id='word_1_307' title='bbox 633 2219 694 2253; x_wconf 84' lang='lat' dir='ltr'>multa</span> <span class='ocrx_word' id='word_1_308' title='bbox 706 2221 832 2260; x_wconf 87' lang='lat' dir='ltr'>opponuntur</span> 
     </span>
     <span class='ocr_line' id='line_1_35' title="bbox 78 2272 832 2317; baseline -0.004 -9"><span class='ocrx_word' id='word_1_309' title='bbox 78 2274 150 2316; x_wconf 88' lang='lat' dir='ltr'>paucis.</span> <span class='ocrx_word' id='word_1_310' title='bbox 174 2275 212 2309; x_wconf 89' lang='lat' dir='ltr'>Sed</span> <span class='ocrx_word' id='word_1_311' title='bbox 226 2275 310 2309; x_wconf 89' lang='lat' dir='ltr'>multum</span> <span class='ocrx_word' id='word_1_312' title='bbox 325 2276 344 2308; x_wconf 86' lang='lat' dir='ltr'>et</span> <span class='ocrx_word' id='word_1_313' title='bbox 359 2284 448 2317; x_wconf 81' lang='lat' dir='ltr'>paucum,</span> <span class='ocrx_word' id='word_1_314' title='bbox 463 2283 557 2316; x_wconf 83' lang='lat' dir='ltr'>magnum</span> <span class='ocrx_word' id='word_1_315' title='bbox 572 2276 590 2306; x_wconf 90' lang='lat' dir='ltr'>et</span> <span class='ocrx_word' id='word_1_316' title='bbox 606 2283 691 2315; x_wconf 89' lang='lat' dir='ltr'>parvum</span> <span class='ocrx_word' id='word_1_317' title='bbox 706 2275 793 2314; x_wconf 88' lang='lat' dir='ltr'>spectant</span> <span class='ocrx_word' id='word_1_318' title='bbox 807 2272 832 2305; x_wconf 88' lang='lat' dir='ltr'>ad</span> 
     </span>
     <span class='ocr_line' id='line_1_36' title="bbox 79 2327 604 2372; baseline -0.006 -10"><span class='ocrx_word' id='word_1_319' title='bbox 79 2329 211 2370; x_wconf 89' lang='lat' dir='ltr'>quantitatem.</span> <span class='ocrx_word' id='word_1_320' title='bbox 235 2330 288 2372; x_wconf 84' lang='lat' dir='ltr'>Ergo</span> <span class='ocrx_word' id='word_1_321' title='bbox 300 2329 398 2371; x_wconf 89' lang='lat' dir='ltr'>quantitas</span> <span class='ocrx_word' id='word_1_322' title='bbox 409 2328 468 2361; x_wconf 86' lang='lat' dir='ltr'>habet</span> <span class='ocrx_word' id='word_1_323' title='bbox 480 2327 604 2361; x_wconf 88' lang='lat' dir='ltr'>contrarium.</span> 
     </span>
    </p>
   </div>
   <div class='ocr_carea' id='block_1_10' title="bbox 78 2390 834 2707">
    <p class='ocr_par' dir='ltr' id='par_1_10' title="bbox 78 2390 833 2598">
     <span class='ocr_line' id='line_1_37' title="bbox 143 2390 833 2436; baseline -0.006 -9"><span class='ocrx_word' id='word_1_324' title='bbox 143 2395 158 2427; x_wconf 79' lang='lat'>2.</span> <span class='ocrx_word' id='word_1_325' title='bbox 170 2394 276 2433; x_wconf 69' lang='lat' dir='ltr'>Paternum,</span> <span class='ocrx_word' id='word_1_326' title='bbox 293 2402 349 2427; x_wconf 89' lang='lat' dir='ltr'>omne</span> <span class='ocrx_word' id='word_1_327' title='bbox 361 2394 441 2436; x_wconf 81' lang='lat' dir='ltr'>longum</span> <span class='ocrx_word' id='word_1_328' title='bbox 454 2394 484 2426; x_wconf 88' lang='lat' dir='ltr'>est</span> <span class='ocrx_word' id='word_1_329' title='bbox 495 2391 624 2426; x_wconf 83' lang='lat' dir='ltr'>essentialiter</span> <span class='ocrx_word' id='word_1_330' title='bbox 636 2394 736 2434; x_wconf 88' lang='lat' dir='ltr'>quantum,</span> <span class='ocrx_word' id='word_1_331' title='bbox 752 2390 802 2424; x_wconf 90' lang='lat' dir='ltr'>sicut</span> <span class='ocrx_word' id='word_1_332' title='bbox 814 2393 833 2424; x_wconf 90' lang='lat' dir='ltr'>et</span> 
     </span>
     <span class='ocr_line' id='line_1_38' title="bbox 78 2443 832 2489; baseline -0.003 -10"><span class='ocrx_word' id='word_1_333' title='bbox 78 2447 139 2481; x_wconf 90' lang='lat' dir='ltr'>latum</span> <span class='ocrx_word' id='word_1_334' title='bbox 154 2450 172 2481; x_wconf 90' lang='lat' dir='ltr'>et</span> <span class='ocrx_word' id='word_1_335' title='bbox 186 2447 312 2489; x_wconf 81' lang='lat' dir='ltr'>protundum,</span> <span class='ocrx_word' id='word_1_336' title='bbox 329 2446 378 2481; x_wconf 92' lang='lat' dir='ltr'>sicut</span> <span class='ocrx_word' id='word_1_337' title='bbox 394 2446 464 2480; x_wconf 88' lang='lat' dir='ltr'>dicitur</span> <span class='ocrx_word' id='word_1_338' title='bbox 479 2446 613 2488; x_wconf 70' lang='lat' dir='ltr'>lateranens.</span> <span class='ocrx_word' id='word_1_339' title='bbox 629 2455 643 2479; x_wconf 83' lang='lat' dir='ltr'>e.</span> <span class='ocrx_word' id='word_1_340' title='bbox 656 2446 682 2478; x_wconf 83' lang='lat'>13.</span> <span class='ocrx_word' id='word_1_341' title='bbox 706 2444 743 2478; x_wconf 83' lang='lat' dir='ltr'>Sed</span> <span class='ocrx_word' id='word_1_342' title='bbox 759 2443 832 2486; x_wconf 89' lang='lat' dir='ltr'>aliquid</span> 
     </span>
     <span class='ocr_line' id='line_1_39' title="bbox 78 2497 831 2544; baseline -0.004 -10"><span class='ocrx_word' id='word_1_343' title='bbox 78 2504 143 2543; x_wconf 89' lang='lat' dir='ltr'>potest</span> <span class='ocrx_word' id='word_1_344' title='bbox 154 2501 198 2535; x_wconf 83' lang='lat' dir='ltr'>fieri</span> <span class='ocrx_word' id='word_1_345' title='bbox 209 2501 273 2544; x_wconf 84' lang='lat' dir='ltr'>magis</span> <span class='ocrx_word' id='word_1_346' title='bbox 284 2501 365 2544; x_wconf 84' lang='lat' dir='ltr'>longum</span> <span class='ocrx_word' id='word_1_347' title='bbox 377 2501 477 2535; x_wconf 85' lang='lat' dir='ltr'>vellatum</span> <span class='ocrx_word' id='word_1_348' title='bbox 486 2500 517 2534; x_wconf 91' lang='lat' dir='ltr'>vel</span> <span class='ocrx_word' id='word_1_349' title='bbox 524 2499 650 2541; x_wconf 81' lang='lat' dir='ltr'>protundum.</span> <span class='ocrx_word' id='word_1_350' title='bbox 671 2499 724 2540; x_wconf 82' lang='lat' dir='ltr'>Ergo</span> <span class='ocrx_word' id='word_1_351' title='bbox 733 2497 831 2539; x_wconf 90' lang='lat' dir='ltr'>quantitas</span> 
     </span>
     <span class='ocr_line' id='line_1_40' title="bbox 79 2554 442 2598; baseline -0.003 -9"><span class='ocrx_word' id='word_1_352' title='bbox 79 2558 143 2597; x_wconf 90' lang='lat' dir='ltr'>potest</span> <span class='ocrx_word' id='word_1_353' title='bbox 156 2554 254 2597; x_wconf 84' lang='lat' dir='ltr'>suscipere</span> <span class='ocrx_word' id='word_1_354' title='bbox 265 2555 328 2598; x_wconf 82' lang='lat' dir='ltr'>magis</span> <span class='ocrx_word' id='word_1_355' title='bbox 341 2557 360 2588; x_wconf 92' lang='lat' dir='ltr'>et</span> <span class='ocrx_word' id='word_1_356' title='bbox 371 2555 442 2588; x_wconf 89' lang='lat' dir='ltr'>minus.</span> 
     </span>
    </p>

    <p class='ocr_par' dir='ltr' id='par_1_11' title="bbox 78 2607 834 2707">
     <span class='ocr_line' id='line_1_41' title="bbox 145 2607 834 2648; baseline -0.006 -5"><span class='ocrx_word' id='word_1_357' title='bbox 145 2611 160 2643; x_wconf 84' lang='lat'>3.</span> <span class='ocrx_word' id='word_1_358' title='bbox 175 2609 280 2648; x_wconf 72' lang='lat' dir='ltr'>Primnum,</span> <span class='ocrx_word' id='word_1_359' title='bbox 295 2609 349 2642; x_wconf 84' lang='lat' dir='ltr'>iuxta</span> <span class='ocrx_word' id='word_1_360' title='bbox 363 2609 411 2642; x_wconf 86' lang='lat' dir='ltr'>illud</span> <span class='ocrx_word' id='word_1_361' title='bbox 422 2607 531 2642; x_wconf 86' lang='lat' dir='ltr'>Athanasii:</span> <span class='ocrx_word' id='word_1_362' title='bbox 548 2607 592 2640; x_wconf 79' lang='lat' dir='ltr'>Tres</span> <span class='ocrx_word' id='word_1_363' title='bbox 602 2616 703 2648; x_wconf 75' lang='lat' dir='ltr'>personae</span> <span class='ocrx_word' id='word_1_364' title='bbox 715 2609 834 2640; x_wconf 79' lang='lat' dir='ltr'>coaeternae</span> 
     </span>
     <span class='ocr_line' id='line_1_42' title="bbox 78 2660 832 2707; baseline -0.007 -10"><span class='ocrx_word' id='word_1_365' title='bbox 78 2664 119 2698; x_wconf 81' lang='lat' dir='ltr'>sibi</span> <span class='ocrx_word' id='word_1_366' title='bbox 130 2666 177 2698; x_wconf 68' lang='lat' dir='ltr'>snm}</span> <span class='ocrx_word' id='word_1_367' title='bbox 188 2666 206 2697; x_wconf 85' lang='lat' dir='ltr'>et</span> <span class='ocrx_word' id='word_1_368' title='bbox 214 2665 332 2707; x_wconf 81' lang='lat' dir='ltr'>coaequales</span> <span class='ocrx_word' id='word_1_369' title='bbox 340 2663 445 2706; x_wconf 88' lang='lat' dir='ltr'>aequalitas</span> <span class='ocrx_word' id='word_1_370' title='bbox 454 2661 551 2703; x_wconf 88' lang='lat' dir='ltr'>reperitur</span> <span class='ocrx_word' id='word_1_371' title='bbox 559 2660 579 2693; x_wconf 92' lang='lat' dir='ltr'>in</span> <span class='ocrx_word' id='word_1_372' title='bbox 587 2660 665 2693; x_wconf 83' lang='lat' dir='ltr'>divinis.</span> <span class='ocrx_word' id='word_1_373' title='bbox 685 2660 723 2694; x_wconf 79' lang='lat' dir='ltr'>Sed</span> <span class='ocrx_word' id='word_1_374' title='bbox 732 2660 752 2693; x_wconf 93' lang='lat' dir='ltr'>in</span> <span class='ocrx_word' id='word_1_375' title='bbox 760 2660 832 2694; x_wconf 84' lang='lat' dir='ltr'>divinis</span> 
     </span>
    </p>
   </div>
   <div class='ocr_carea' id='block_1_11' title="bbox 0 0 938 3062">
    <p class='ocr_par' dir='ltr' id='par_1_12' title="bbox 0 0 938 3062">
     <span class='ocr_line' id='line_1_43' title="bbox 0 0 938 3062; baseline 0 0"><span class='ocrx_word' id='word_1_376' title='bbox 0 0 938 3062; x_wconf 95' lang='lat' dir='ltr'> </span> 
     </span>
    </p>
   </div>
  </div>
 </body>
</html>
