1846 3062
262 193 370 234 iiuaasrro
381 194 389 225 1
411 193 533 227 narremus
544 194 566 225 iv
777 183 788 220 9

35 296 59 329 ad
79 293 168 327 effectum
188 292 325 335 procedentem
345 291 365 324 in
386 300 445 334 opus;
466 291 590 327 manifestum
611 293 642 324 est
661 293 731 332 autem,
753 300 789 332 per

35 345 142 383 doctrinam
155 345 237 389 Logicae
248 345 316 388 pertici
329 348 404 379 tantum
415 345 538 380 intellectum.

100 401 164 440 Quare
177 404 271 442 superest,
283 403 305 433 ut
315 399 386 442 Logica
399 399 424 433 sit
436 399 515 434 scientia
526 398 666 434 intraductoria
678 401 697 432 et
708 398 788 432 admini-

35 455 127 491 culatoria
142 453 227 488 scientiis
242 454 333 488 omnihus
352 457 391 487 tam
406 453 496 496 practicis
512 463 570 496 quam
586 453 715 496 speculativis.
738 453 788 487 Nam

35 519 78 544 cum
86 509 153 542 doceat
160 508 242 542 acofram
251 517 374 542 coraanancm
382 507 460 541 aderadi
469 508 560 542 omnibus
569 508 653 542 scientiis
663 507 788 550 speculativis

34 567 53 597 et
61 561 156 604 practicis,
165 571 205 608 non
213 562 271 595 dehet
280 560 373 595 contineri
382 563 481 604 tamquam
487 570 534 603 pars
541 562 578 595 sub
585 560 669 603 scientia,
680 561 787 595 secundum

34 617 86 660 quod
103 615 197 650 dividitur
212 615 232 649 in
247 615 386 658 speculativam
401 617 420 648 θῖ
435 615 544 657 practicam,
563 616 597 649 sed
613 615 718 649 secundum
734 615 787 658 quod

34 670 128 705 dividitur
139 669 159 703 in
171 669 299 712 rationalem,
316 670 424 703 naturalem
436 672 455 702 et
466 670 565 703 moralem.
588 670 660 703 Verum
672 672 702 703 est
717 673 787 711 tamen,

34 725 87 767 quod
99 723 145 766 quia
157 722 228 766 Logica
239 725 330 756 versatur
342 723 392 756 circa
404 732 454 765 opus
465 723 547 757 interius
559 723 667 756 intellectus
680 726 698 756 et
710 723 788 756 demon-

35 777 115 812 strative
127 776 186 810 tradit
201 786 227 817 ea,
243 777 267 810 de
279 776 351 819 quibus
363 776 410 819 agit,
423 786 483 818 eaque
498 786 537 810 non
549 780 670 819 quaeruntur
682 777 707 810 ad
719 786 788 819 cogno-

35 832 127 865 scendum
142 833 222 872 propter
238 839 258 863 se
273 829 321 872 ipsa,
341 830 375 864 sed
392 832 415 863 ut
432 830 570 863 adminiculum
586 830 684 875 quoddam
701 830 726 863 ad
740 830 787 863 alias

35 883 129 925 scientias,
141 883 184 917 ideo
196 887 261 926 potest
270 883 307 917 dici
315 884 393 917 habitus
403 883 534 925 speculativas
543 883 608 925 potius
617 892 676 925 quarn
685 882 787 925 practicus,

34 939 65 972 vel
73 947 106 971 ars
112 937 238 982 speculativa
245 940 264 970 et
272 938 309 970 suh
316 937 441 979 Philosophia
450 937 568 979 speculativa
575 937 674 977 contineri,
683 946 722 970 non
731 936 788 979 quasi

33 990 145 1033 principalis
153 1000 205 1032 pars,
213 990 247 1023 sed
255 989 312 1033 quasi
320 990 419 1032 quoddam
427 991 530 1023 reductum
538 990 563 1023 ad
569 999 617 1030 earn,
623 992 683 1031 prout
689 989 788 1024 ministrat

34 1043 159 1087 speculationi
175 1053 210 1078 sua
224 1044 359 1086 instrimrenta,
375 1043 501 1087 syllogismos
517 1053 542 1078 sc,
555 1048 574 1077 et
585 1043 708 1078 definitiones
721 1047 739 1077 et
751 1044 788 1077 alia

34 1097 150 1140 huiusmodi,
163 1098 234 1140 quibus
246 1098 266 1131 in
279 1097 403 1140 speculativis
417 1097 501 1132 scientiis
512 1097 628 1140 indigemus.

98 1163 125 1195 An
137 1173 199 1195 Parnon
211 1173 253 1195 aucto
265 1173 344 1195 omi-:unuh
356 1163 409 1206 quod
421 1162 478 1197 etiam
493 1163 513 1196 in
527 1163 576 1206 ipsis
592 1162 743 1205 speculabilibus
758 1166 788 1197 est

33 1217 105 1259 aliquid
117 1226 152 1260 per
160 1217 241 1251 modum
250 1217 351 1252 cuiusdam
360 1217 431 1260 operis,
443 1220 490 1260 puta
499 1217 617 1252 constructio
627 1217 787 1261 syllogismorum

33 1275 66 1306 aut
77 1272 171 1306 orationis
183 1282 280 1316 congruae
292 1275 325 1307 aut
333 1282 382 1315 opus
390 1273 506 1307 numerandi
514 1273 546 1307 vel
554 1272 686 1307 mensurandi.
707 1273 732 1306 Et
743 1272 787 1307 ideo

33 1326 150 1370 quicumque
156 1327 181 1361 ad
187 1327 300 1361 huiusmodi
306 1337 365 1370 opera
371 1327 452 1361 rationis
459 1328 538 1361 habitus
545 1327 659 1370 speculativi
665 1328 786 1369 ordinantur,

34 1381 124 1415 dicuntur
138 1391 173 1424 per
188 1382 285 1425 quandam
303 1382 448 1416 similitudinem
465 1385 522 1424 artes,
540 1391 565 1415 sc.
581 1382 676 1424 liberales,
694 1382 718 1415 ad
732 1381 787 1415 difie-

34 1435 116 1469 rentiam
122 1435 199 1470 illarum
206 1436 282 1478 artium,
291 1446 340 1479 quae
349 1436 464 1470 ordinantur
472 1436 496 1470 ad
506 1446 565 1479 opera
572 1446 608 1479 per
618 1446 689 1479 corpus
697 1436 786 1477 exercita,

34 1500 82 1533 quae
95 1493 141 1524 sunt
153 1491 297 1534 quodammodo
310 1491 396 1533 serviles,
410 1491 536 1534 inquantum
549 1501 621 1533 corpus
634 1490 731 1525 serviliter
743 1491 787 1524 sub-

34 1544 86 1578 ditur
95 1545 170 1579 animae
178 1548 197 1579 et
205 1546 264 1580 homo
272 1546 379 1580 secundum
388 1545 473 1579 animaru
482 1548 512 1580 est
517 1546 572 1580 liber.
584 1546 631 1579 Illae
638 1555 685 1579 vero
693 1544 787 1586 scientiae,

34 1608 82 1640 (puae
94 1599 118 1632 ad
130 1599 205 1633 nullum
217 1600 330 1634 huiusmodi
342 1610 391 1642 opus
404 1599 525 1642 ordinantur,
538 1599 651 1641 simpliciter
663 1599 753 1633 scientiae
761 1599 788 1632 di-

34 1655 109 1694 cuntur,
121 1663 160 1686 non
172 1656 236 1687 autem
248 1656 305 1688 artes.

98 1707 363 1751 Α111θ11111111111111111οᾶ
373 1708 443 1750 Logica
452 1710 481 1742 est
491 1709 528 1742 sub
535 1707 660 1750 Philosophia
670 1706 788 1749 speculativa

34 1760 138 1795 reductive.
160 1762 210 1795 Nam
222 1764 252 1795 'est
263 1762 341 1796 habitus
353 1762 418 1805 potius
432 1762 563 1804 speculativos
575 1771 634 1804 quam
649 1761 751 1811 practicus,
766 1764 788 1795 ut

33 1817 107 1848 uictum
119 1818 154 1849 est.

291 1987 412 2020 ARTICULUS
425 1987 526 2028 QUARTUS

50 2083 113 2111 uranu
124 2084 174 2113 Hauc
186 2084 279 2113 Docrmra
291 2085 320 2113 sir
330 2085 447 2114 stnenrcrrnu
458 2084 574 2113 necessaria
586 2084 669 2113 OMNIBUS
681 2084 772 2113 scientiis

35 2188 74 2263 ΑΒ
86 2190 162 2218 9111111111
174 2191 197 2213 sio
209 2190 309 2213 PROCEDTUR.
331 2181 412 2215 Videtur
427 2181 479 2224 quod
494 2181 541 2214 haec
556 2180 643 2214 doctrina
655 2190 694 2214 non
707 2180 732 2214 sit
744 2180 789 2213 sim-

75 2233 150 2275 pliciter
162 2235 271 2268 necessaria
283 2235 375 2269 omnihus
388 2234 478 2268 scientiis.
501 2235 550 2267 Nam
568 2234 584 2268 si
596 2234 667 2277 Logica
683 2237 712 2268 est
724 2243 789 2267 neces-

35 2287 86 2321 saria
103 2288 194 2323 omnibus
213 2288 303 2331 scientiis,
318 2289 407 2330 maxime,
424 2288 469 2332 quia
487 2289 543 2322 docet-
560 2288 647 2330 definire,
665 2288 752 2322 dividere
769 2290 789 2321 et

34 2343 172 2386 argumentari.
196 2342 234 2377 Sed
251 2343 298 2377 haec
315 2343 380 2377 omnia
395 2343 451 2377 docet
465 2342 561 2385 quaelihet
577 2342 656 2376 scientia
673 2342 693 2375 in
708 2342 789 2386 propria

35 2396 124 2439 materia3
145 2397 205 2431 tradit
224 2397 276 2431 enim
293 2396 386 2440 physicus
404 2397 495 2440 proprias
513 2396 642 2440 definitiones,
664 2396 752 2431 similiter
769 2399 788 2431 et

35 2451 181 2486 mathematicus
194 2454 212 2486 et
223 2452 375 2495 metaphysicus.
395 2452 448 2496 Ergo
461 2461 500 2485 non
512 2455 542 2486 est
554 2451 667 2495 simpliciter
678 2452 788 2486 necessaria

34 2506 126 2541 omnibus
138 2506 228 2541 scientiis.

99 2562 114 2594 2.
130 2561 235 2602 Pinariam,
248 2561 326 2595 habitus
338 2562 436 2596 naturales
448 2571 487 2595 non
500 2563 546 2595 sunt
558 2560 670 2603 simpliciter
683 2561 788 2595 necessarii

34 2614 58 2647 ad
70 2618 130 2649 actus.
149 2615 187 2649 Sed
199 2616 245 2650 haec
257 2616 345 2650 doctrina
353 2618 383 2650 est
391 2615 469 2659 quidam
479 2614 563 2649 habitus.
584 2615 637 2657 Ergo
645 2615 692 2649 haec
700 2615 789 2650 doctrina

13 2698 15 2707 ,
35 2677 73 2702 non
85 2672 115 2703 θεῖ
126 2670 235 2704 necessaria
247 2670 271 2704 ad
283 2673 337 2704 actus
349 2670 423 2713 logicos
435 2674 453 2703 et
465 2669 547 2712 proinde
555 2669 616 2703 multo
624 2669 691 2704 minus
699 2670 724 2704 ad
733 2673 788 2704 actus

35 2724 53 2755 et
64 2722 143 2757 habitus
155 2723 242 2757 omnium
254 2724 336 2758 aliarum
349 2724 477 2758 scientiarum.
651 2715 652 2721 ¹
