<?xml version="1.0" encoding="UTF-8"?>
<!DOCTYPE html PUBLIC "-//W3C//DTD XHTML 1.0 Transitional//EN"
    "http://www.w3.org/TR/xhtml1/DTD/xhtml1-transitional.dtd">
<html xmlns="http://www.w3.org/1999/xhtml" xml:lang="en" lang="en">
 <head>
  <title>
</title>
<meta http-equiv="Content-Type" content="text/html;charset=utf-8" />
  <meta name='ocr-system' content='tesseract 3.04.00' />
  <meta name='ocr-capabilities' content='ocr_page ocr_carea ocr_par ocr_line ocrx_word'/>
</head>
<body>
  <div class='ocr_page' id='page_1' title='image "MN41855ucmf_7_0166.png"; bbox 0 0 1846 3062; ppageno 0'>
   <div class='ocr_carea' id='block_1_1' title="bbox 67 126 608 173">
    <p class='ocr_par' dir='ltr' id='par_1_1' title="bbox 67 126 608 173">
     <span class='ocr_line' id='line_1_1' title="bbox 67 126 608 173; baseline 0.004 -11"><span class='ocrx_word' id='word_1_1' title='bbox 67 126 105 163; x_wconf 81' lang='grc' dir='ltr'>10Ιὶ</span> <span class='ocrx_word' id='word_1_2' title='bbox 277 132 383 173; x_wconf 60' lang='lat' dir='ltr'>litterario</span> <span class='ocrx_word' id='word_1_3' title='bbox 395 133 431 164; x_wconf 73' lang='lat' dir='ltr'>Xll&#39;</span> <span class='ocrx_word' id='word_1_4' title='bbox 454 133 575 166; x_wconf 82' lang='lat' dir='ltr'>ARTICULUS</span> <span class='ocrx_word' id='word_1_5' title='bbox 586 134 608 165; x_wconf 79' lang='lat' dir='ltr'>lv</span> 
     </span>
    </p>
   </div>
   <div class='ocr_carea' id='block_1_2' title="bbox 65 229 823 2661">
    <p class='ocr_par' dir='ltr' id='par_1_2' title="bbox 65 229 818 640">
     <span class='ocr_line' id='line_1_2' title="bbox 66 229 817 272; baseline 0 -8"><span class='ocrx_word' id='word_1_6' title='bbox 66 231 218 265; x_wconf 71' lang='lat' dir='ltr'>convenientiam</span> <span class='ocrx_word' id='word_1_7' title='bbox 231 240 277 264; x_wconf 83' lang='lat' dir='ltr'>vero</span> <span class='ocrx_word' id='word_1_8' title='bbox 289 229 339 263; x_wconf 89' lang='lat' dir='ltr'>entis</span> <span class='ocrx_word' id='word_1_9' title='bbox 351 230 375 263; x_wconf 89' lang='lat' dir='ltr'>ad</span> <span class='ocrx_word' id='word_1_10' title='bbox 387 229 505 263; x_wconf 87' lang='lat' dir='ltr'>intellectum</span> <span class='ocrx_word' id='word_1_11' title='bbox 517 229 609 272; x_wconf 79' lang='lat' dir='ltr'>exprimit</span> <span class='ocrx_word' id='word_1_12' title='bbox 620 230 656 264; x_wconf 90' lang='lat' dir='ltr'>hoc</span> <span class='ocrx_word' id='word_1_13' title='bbox 665 240 735 263; x_wconf 89' lang='lat' dir='ltr'>nomen</span> <span class='ocrx_word' id='word_1_14' title='bbox 743 240 817 265; x_wconf 67' lang='lat' dir='ltr'>aterum.</span> 
     </span>
     <span class='ocr_line' id='line_1_3' title="bbox 66 283 818 331; baseline 0 -13"><span class='ocrx_word' id='word_1_15' title='bbox 66 286 109 318; x_wconf 88' lang='lat' dir='ltr'>Hoc</span> <span class='ocrx_word' id='word_1_16' title='bbox 120 288 184 318; x_wconf 89' lang='lat' dir='ltr'>autem</span> <span class='ocrx_word' id='word_1_17' title='bbox 197 285 260 317; x_wconf 71' lang='lat' dir='ltr'>distat</span> <span class='ocrx_word' id='word_1_18' title='bbox 274 284 324 316; x_wconf 86' lang='lat' dir='ltr'>inter</span> <span class='ocrx_word' id='word_1_19' title='bbox 341 283 448 331; x_wconf 87' lang='lat' dir='ltr'>appetitum</span> <span class='ocrx_word' id='word_1_20' title='bbox 464 287 483 317; x_wconf 91' lang='lat' dir='ltr'>et</span> <span class='ocrx_word' id='word_1_21' title='bbox 494 284 611 317; x_wconf 90' lang='lat' dir='ltr'>intellectum</span> <span class='ocrx_word' id='word_1_22' title='bbox 624 294 658 317; x_wconf 89' lang='lat' dir='ltr'>seu</span> <span class='ocrx_word' id='word_1_23' title='bbox 676 294 818 326; x_wconf 79' lang='lat' dir='ltr'>quamcumque</span> 
     </span>
     <span class='ocr_line' id='line_1_4' title="bbox 66 337 818 381; baseline 0 -10"><span class='ocrx_word' id='word_1_24' title='bbox 66 338 199 381; x_wconf 83' lang='lat' dir='ltr'>cognitionem.</span> <span class='ocrx_word' id='word_1_25' title='bbox 220 337 265 380; x_wconf 88' lang='lat' dir='ltr'>quia</span> <span class='ocrx_word' id='word_1_26' title='bbox 284 337 368 380; x_wconf 79' lang='lat' dir='ltr'>cognitio</span> <span class='ocrx_word' id='word_1_27' title='bbox 389 341 419 371; x_wconf 89' lang='lat' dir='ltr'>est</span> <span class='ocrx_word' id='word_1_28' title='bbox 440 338 545 371; x_wconf 87' lang='lat' dir='ltr'>secundum</span> <span class='ocrx_word' id='word_1_29' title='bbox 563 338 616 380; x_wconf 88' lang='lat' dir='ltr'>qnod</span> <span class='ocrx_word' id='word_1_30' title='bbox 634 338 732 380; x_wconf 76' lang='lat' dir='ltr'>cognitum</span> <span class='ocrx_word' id='word_1_31' title='bbox 751 341 781 371; x_wconf 87' lang='lat' dir='ltr'>est</span> <span class='ocrx_word' id='word_1_32' title='bbox 798 338 818 371; x_wconf 93' lang='lat' dir='ltr'>in</span> 
     </span>
     <span class='ocr_line' id='line_1_5' title="bbox 66 392 818 434; baseline 0 -10"><span class='ocrx_word' id='word_1_33' title='bbox 66 395 201 434; x_wconf 79' lang='lat' dir='ltr'>cognoscente:</span> <span class='ocrx_word' id='word_1_34' title='bbox 214 392 311 433; x_wconf 89' lang='lat' dir='ltr'>appetitus</span> <span class='ocrx_word' id='word_1_35' title='bbox 324 394 388 424; x_wconf 81' lang='lat' dir='ltr'>auteur</span> <span class='ocrx_word' id='word_1_36' title='bbox 399 395 429 425; x_wconf 94' lang='grc' dir='ltr'>θεῖ</span> <span class='ocrx_word' id='word_1_37' title='bbox 438 392 543 425; x_wconf 87' lang='lat' dir='ltr'>secundum</span> <span class='ocrx_word' id='word_1_38' title='bbox 552 393 604 434; x_wconf 87' lang='lat' dir='ltr'>quod</span> <span class='ocrx_word' id='word_1_39' title='bbox 614 395 707 434; x_wconf 86' lang='lat' dir='ltr'>appetens</span> <span class='ocrx_word' id='word_1_40' title='bbox 715 392 818 425; x_wconf 88' lang='lat' dir='ltr'>inclinatur</span> 
     </span>
     <span class='ocr_line' id='line_1_6' title="bbox 65 445 818 488; baseline 0 -10"><span class='ocrx_word' id='word_1_41' title='bbox 65 446 85 478; x_wconf 92' lang='lat' dir='ltr'>in</span> <span class='ocrx_word' id='word_1_42' title='bbox 97 445 160 486; x_wconf 85' lang='lat' dir='ltr'>ipsam</span> <span class='ocrx_word' id='word_1_43' title='bbox 172 455 212 479; x_wconf 90' lang='lat' dir='ltr'>rem</span> <span class='ocrx_word' id='word_1_44' title='bbox 221 445 332 488; x_wconf 81' lang='lat' dir='ltr'>appetitam.</span> <span class='ocrx_word' id='word_1_45' title='bbox 352 446 377 479; x_wconf 87' lang='lat' dir='ltr'>Et</span> <span class='ocrx_word' id='word_1_46' title='bbox 386 446 413 479; x_wconf 90' lang='lat' dir='ltr'>sic</span> <span class='ocrx_word' id='word_1_47' title='bbox 422 445 516 479; x_wconf 88' lang='lat' dir='ltr'>terminus</span> <span class='ocrx_word' id='word_1_48' title='bbox 526 446 628 487; x_wconf 88' lang='lat' dir='ltr'>appetitus,</span> <span class='ocrx_word' id='word_1_49' title='bbox 641 446 693 488; x_wconf 90' lang='lat' dir='ltr'>quod</span> <span class='ocrx_word' id='word_1_50' title='bbox 702 448 731 479; x_wconf 90' lang='grc' dir='ltr'>θεῖ</span> <span class='ocrx_word' id='word_1_51' title='bbox 739 447 818 488; x_wconf 81' lang='lat' dir='ltr'>bonum,</span> 
     </span>
     <span class='ocr_line' id='line_1_7' title="bbox 65 498 818 542; baseline 0.001 -11"><span class='ocrx_word' id='word_1_52' title='bbox 65 501 95 532; x_wconf 83' lang='lat' dir='ltr'>est</span> <span class='ocrx_word' id='word_1_53' title='bbox 107 498 126 531; x_wconf 92' lang='lat' dir='ltr'>in</span> <span class='ocrx_word' id='word_1_54' title='bbox 138 509 159 532; x_wconf 95' lang='lat' dir='ltr'>re</span> <span class='ocrx_word' id='word_1_55' title='bbox 171 499 279 541; x_wconf 81' lang='lat' dir='ltr'>appetibili:</span> <span class='ocrx_word' id='word_1_56' title='bbox 295 500 330 532; x_wconf 85' lang='lat' dir='ltr'>sed</span> <span class='ocrx_word' id='word_1_57' title='bbox 345 499 440 532; x_wconf 90' lang='lat' dir='ltr'>terminus</span> <span class='ocrx_word' id='word_1_58' title='bbox 453 498 573 541; x_wconf 66' lang='lat' dir='ltr'>cognitionis,</span> <span class='ocrx_word' id='word_1_59' title='bbox 591 500 643 542; x_wconf 91' lang='lat' dir='ltr'>quod</span> <span class='ocrx_word' id='word_1_60' title='bbox 658 502 688 533; x_wconf 91' lang='lat' dir='ltr'>est</span> <span class='ocrx_word' id='word_1_61' title='bbox 700 509 774 541; x_wconf 85' lang='lat' dir='ltr'>verum,</span> <span class='ocrx_word' id='word_1_62' title='bbox 789 504 818 533; x_wconf 89' lang='lat' dir='ltr'>est</span> 
     </span>
     <span class='ocr_line' id='line_1_8' title="bbox 65 552 818 596; baseline 0.003 -11"><span class='ocrx_word' id='word_1_63' title='bbox 65 553 85 585; x_wconf 88' lang='lat' dir='ltr'>in</span> <span class='ocrx_word' id='word_1_64' title='bbox 100 552 143 594; x_wconf 87' lang='lat' dir='ltr'>ipso</span> <span class='ocrx_word' id='word_1_65' title='bbox 158 553 260 587; x_wconf 88' lang='lat' dir='ltr'>intellectu.</span> <span class='ocrx_word' id='word_1_66' title='bbox 284 554 339 587; x_wconf 87' lang='lat' dir='ltr'>Unde</span> <span class='ocrx_word' id='word_1_67' title='bbox 355 563 424 587; x_wconf 80' lang='lat' dir='ltr'>rerum</span> <span class='ocrx_word' id='word_1_68' title='bbox 443 556 472 586; x_wconf 90' lang='grc' dir='ltr'>θεῖ</span> <span class='ocrx_word' id='word_1_69' title='bbox 489 553 509 585; x_wconf 95' lang='lat' dir='ltr'>in</span> <span class='ocrx_word' id='word_1_70' title='bbox 523 553 625 595; x_wconf 88' lang='lat' dir='ltr'>intellectu,</span> <span class='ocrx_word' id='word_1_71' title='bbox 644 554 750 588; x_wconf 89' lang='lat' dir='ltr'>secundum</span> <span class='ocrx_word' id='word_1_72' title='bbox 766 554 818 596; x_wconf 93' lang='lat' dir='ltr'>quod</span> 
     </span>
     <span class='ocr_line' id='line_1_9' title="bbox 66 606 362 640; baseline 0.007 -2"><span class='ocrx_word' id='word_1_73' title='bbox 66 606 199 640; x_wconf 80' lang='lat' dir='ltr'>conformatur</span> <span class='ocrx_word' id='word_1_74' title='bbox 211 607 239 640; x_wconf 91' lang='lat' dir='ltr'>rei</span> <span class='ocrx_word' id='word_1_75' title='bbox 251 607 362 640; x_wconf 78' lang='lat' dir='ltr'>intellectae.</span> 
     </span>
    </p>

    <p class='ocr_par' dir='ltr' id='par_1_3' title="bbox 66 660 822 1834">
     <span class='ocr_line' id='line_1_10' title="bbox 132 660 819 703; baseline 0.001 -9"><span class='ocrx_word' id='word_1_76' title='bbox 132 661 184 694; x_wconf 82' lang='lat' dir='ltr'>Sicut</span> <span class='ocrx_word' id='word_1_77' title='bbox 199 664 263 694; x_wconf 88' lang='lat' dir='ltr'>autem</span> <span class='ocrx_word' id='word_1_78' title='bbox 278 662 352 694; x_wconf 88' lang='lat' dir='ltr'>bonum</span> <span class='ocrx_word' id='word_1_79' title='bbox 367 666 396 695; x_wconf 88' lang='grc' dir='ltr'>θεῖ</span> <span class='ocrx_word' id='word_1_80' title='bbox 412 661 431 694; x_wconf 93' lang='lat' dir='ltr'>in</span> <span class='ocrx_word' id='word_1_81' title='bbox 446 671 472 702; x_wconf 77' lang='lat' dir='ltr'>re</span> <span class='ocrx_word' id='word_1_82' title='bbox 489 660 605 703; x_wconf 86' lang='lat' dir='ltr'>inquantum</span> <span class='ocrx_word' id='word_1_83' title='bbox 619 662 677 695; x_wconf 87' lang='lat' dir='ltr'>habet</span> <span class='ocrx_word' id='word_1_84' title='bbox 692 662 780 695; x_wconf 84' lang='lat' dir='ltr'>ordinem</span> <span class='ocrx_word' id='word_1_85' title='bbox 794 663 819 695; x_wconf 89' lang='lat' dir='ltr'>ad</span> 
     </span>
     <span class='ocr_line' id='line_1_11' title="bbox 66 714 819 757; baseline 0.004 -11"><span class='ocrx_word' id='word_1_86' title='bbox 66 714 178 756; x_wconf 68' lang='lat' dir='ltr'>appetitum,</span> <span class='ocrx_word' id='word_1_87' title='bbox 190 714 217 747; x_wconf 87' lang='lat' dir='ltr'>ita</span> <span class='ocrx_word' id='word_1_88' title='bbox 228 724 307 748; x_wconf 86' lang='lat' dir='ltr'>necesse</span> <span class='ocrx_word' id='word_1_89' title='bbox 322 718 356 756; x_wconf 87' lang='lat' dir='ltr'>est,</span> <span class='ocrx_word' id='word_1_90' title='bbox 373 715 425 757; x_wconf 89' lang='lat' dir='ltr'>quod</span> <span class='ocrx_word' id='word_1_91' title='bbox 440 715 489 748; x_wconf 89' lang='lat' dir='ltr'>ratio</span> <span class='ocrx_word' id='word_1_92' title='bbox 504 714 546 748; x_wconf 81' lang='lat' dir='ltr'>veri</span> <span class='ocrx_word' id='word_1_93' title='bbox 558 715 582 748; x_wconf 90' lang='lat' dir='ltr'>ab</span> <span class='ocrx_word' id='word_1_94' title='bbox 594 714 691 748; x_wconf 90' lang='lat' dir='ltr'>intellectu</span> <span class='ocrx_word' id='word_1_95' title='bbox 703 716 727 749; x_wconf 87' lang='lat' dir='ltr'>ad</span> <span class='ocrx_word' id='word_1_96' title='bbox 739 726 780 749; x_wconf 90' lang='lat' dir='ltr'>rem</span> <span class='ocrx_word' id='word_1_97' title='bbox 792 716 819 749; x_wconf 94' lang='lat' dir='ltr'>in-</span> 
     </span>
     <span class='ocr_line' id='line_1_12' title="bbox 66 768 819 811; baseline 0.003 -10"><span class='ocrx_word' id='word_1_98' title='bbox 66 768 160 802; x_wconf 84' lang='lat' dir='ltr'>tellectam</span> <span class='ocrx_word' id='word_1_99' title='bbox 173 769 278 809; x_wconf 82' lang='lat' dir='ltr'>derivetur,</span> <span class='ocrx_word' id='word_1_100' title='bbox 295 773 315 802; x_wconf 89' lang='lat' dir='ltr'>ut</span> <span class='ocrx_word' id='word_1_101' title='bbox 330 779 362 802; x_wconf 87' lang='lat' dir='ltr'>res</span> <span class='ocrx_word' id='word_1_102' title='bbox 378 769 434 802; x_wconf 85' lang='lat' dir='ltr'>etiam</span> <span class='ocrx_word' id='word_1_103' title='bbox 449 769 544 802; x_wconf 87' lang='lat' dir='ltr'>intellecta</span> <span class='ocrx_word' id='word_1_104' title='bbox 558 778 605 802; x_wconf 80' lang='lat' dir='ltr'>vera</span> <span class='ocrx_word' id='word_1_105' title='bbox 617 768 696 811; x_wconf 87' lang='lat' dir='ltr'>dicatur,</span> <span class='ocrx_word' id='word_1_106' title='bbox 712 770 819 803; x_wconf 89' lang='lat' dir='ltr'>secuudum</span> 
     </span>
     <span class='ocr_line' id='line_1_13' title="bbox 66 822 819 865; baseline 0.001 -10"><span class='ocrx_word' id='word_1_107' title='bbox 66 823 119 864; x_wconf 89' lang='lat' dir='ltr'>quod</span> <span class='ocrx_word' id='word_1_108' title='bbox 131 823 189 856; x_wconf 87' lang='lat' dir='ltr'>habet</span> <span class='ocrx_word' id='word_1_109' title='bbox 203 822 287 865; x_wconf 89' lang='lat' dir='ltr'>aliquem</span> <span class='ocrx_word' id='word_1_110' title='bbox 303 823 391 856; x_wconf 83' lang='lat' dir='ltr'>ordinem</span> <span class='ocrx_word' id='word_1_111' title='bbox 408 824 432 856; x_wconf 87' lang='lat' dir='ltr'>ad</span> <span class='ocrx_word' id='word_1_112' title='bbox 447 823 569 856; x_wconf 82' lang='lat' dir='ltr'>intellectum.</span> <span class='ocrx_word' id='word_1_113' title='bbox 593 823 631 856; x_wconf 85' lang='lat' dir='ltr'>Res</span> <span class='ocrx_word' id='word_1_114' title='bbox 646 825 711 856; x_wconf 89' lang='lat' dir='ltr'>autem</span> <span class='ocrx_word' id='word_1_115' title='bbox 725 823 819 857; x_wconf 88' lang='lat' dir='ltr'>intellecta</span> 
     </span>
     <span class='ocr_line' id='line_1_14' title="bbox 67 876 819 920; baseline 0.003 -11"><span class='ocrx_word' id='word_1_116' title='bbox 67 877 91 910; x_wconf 88' lang='lat' dir='ltr'>ad</span> <span class='ocrx_word' id='word_1_117' title='bbox 106 876 223 910; x_wconf 87' lang='lat' dir='ltr'>intellectum</span> <span class='ocrx_word' id='word_1_118' title='bbox 238 877 321 919; x_wconf 80' lang='lat' dir='ltr'>aliquem</span> <span class='ocrx_word' id='word_1_119' title='bbox 337 880 401 920; x_wconf 88' lang='lat' dir='ltr'>potest</span> <span class='ocrx_word' id='word_1_120' title='bbox 416 878 487 911; x_wconf 87' lang='lat' dir='ltr'>habere</span> <span class='ocrx_word' id='word_1_121' title='bbox 505 877 592 910; x_wconf 81' lang='lat' dir='ltr'>ordinem</span> <span class='ocrx_word' id='word_1_122' title='bbox 608 878 638 911; x_wconf 81' lang='lat' dir='ltr'>cel</span> <span class='ocrx_word' id='word_1_123' title='bbox 654 886 689 919; x_wconf 88' lang='lat' dir='ltr'>per</span> <span class='ocrx_word' id='word_1_124' title='bbox 704 886 724 910; x_wconf 89' lang='lat' dir='ltr'>se</span> <span class='ocrx_word' id='word_1_125' title='bbox 739 878 770 911; x_wconf 79' lang='lat' dir='ltr'>acl</span> <span class='ocrx_word' id='word_1_126' title='bbox 785 887 819 919; x_wconf 90' lang='lat' dir='ltr'>per</span> 
     </span>
     <span class='ocr_line' id='line_1_15' title="bbox 66 930 820 973; baseline 0.001 -10"><span class='ocrx_word' id='word_1_127' title='bbox 66 930 160 964; x_wconf 86' lang='lat' dir='ltr'>accidens.</span> <span class='ocrx_word' id='word_1_128' title='bbox 183 931 220 964; x_wconf 81' lang='lat' dir='ltr'>Per</span> <span class='ocrx_word' id='word_1_129' title='bbox 234 931 345 973; x_wconf 73' lang='lat' dir='ltr'>ecquidem</span> <span class='ocrx_word' id='word_1_130' title='bbox 360 932 418 964; x_wconf 89' lang='lat' dir='ltr'>habet</span> <span class='ocrx_word' id='word_1_131' title='bbox 433 931 521 964; x_wconf 83' lang='lat' dir='ltr'>ordinem</span> <span class='ocrx_word' id='word_1_132' title='bbox 536 931 560 964; x_wconf 88' lang='lat' dir='ltr'>ad</span> <span class='ocrx_word' id='word_1_133' title='bbox 575 931 697 971; x_wconf 88' lang='lat' dir='ltr'>intellectum,</span> <span class='ocrx_word' id='word_1_134' title='bbox 712 940 723 964; x_wconf 89' lang='lat' dir='ltr'>a</span> <span class='ocrx_word' id='word_1_135' title='bbox 738 941 777 973; x_wconf 93' lang='lat' dir='ltr'>quo</span> <span class='ocrx_word' id='word_1_136' title='bbox 789 932 820 964; x_wconf 91' lang='lat' dir='ltr'>de-</span> 
     </span>
     <span class='ocr_line' id='line_1_16' title="bbox 66 984 819 1027; baseline 0 -10"><span class='ocrx_word' id='word_1_137' title='bbox 66 985 138 1026; x_wconf 81' lang='lat' dir='ltr'>pendet</span> <span class='ocrx_word' id='word_1_138' title='bbox 153 986 259 1018; x_wconf 87' lang='lat' dir='ltr'>secundum</span> <span class='ocrx_word' id='word_1_139' title='bbox 275 995 331 1018; x_wconf 89' lang='lat' dir='ltr'>sunm</span> <span class='ocrx_word' id='word_1_140' title='bbox 348 995 400 1025; x_wconf 81' lang='lat' dir='ltr'>esse3</span> <span class='ocrx_word' id='word_1_141' title='bbox 416 995 454 1027; x_wconf 78' lang='lat' dir='ltr'>par</span> <span class='ocrx_word' id='word_1_142' title='bbox 469 985 561 1019; x_wconf 79' lang='lat' dir='ltr'>accidens</span> <span class='ocrx_word' id='word_1_143' title='bbox 577 988 641 1018; x_wconf 90' lang='lat' dir='ltr'>autem</span> <span class='ocrx_word' id='word_1_144' title='bbox 658 985 682 1018; x_wconf 88' lang='lat' dir='ltr'>ad</span> <span class='ocrx_word' id='word_1_145' title='bbox 697 984 819 1026; x_wconf 87' lang='lat' dir='ltr'>intellectum,</span> 
     </span>
     <span class='ocr_line' id='line_1_17' title="bbox 66 1038 820 1081; baseline 0.001 -11"><span class='ocrx_word' id='word_1_146' title='bbox 66 1047 77 1070; x_wconf 89' lang='lat' dir='ltr'>a</span> <span class='ocrx_word' id='word_1_147' title='bbox 89 1048 128 1079; x_wconf 93' lang='lat' dir='ltr'>quo</span> <span class='ocrx_word' id='word_1_148' title='bbox 140 1038 276 1081; x_wconf 79' lang='lat' dir='ltr'>cognoscibilis</span> <span class='ocrx_word' id='word_1_149' title='bbox 288 1043 323 1072; x_wconf 87' lang='lat' dir='ltr'>est.</span> <span class='ocrx_word' id='word_1_150' title='bbox 347 1038 400 1072; x_wconf 84' lang='lat' dir='ltr'>Sicut</span> <span class='ocrx_word' id='word_1_151' title='bbox 412 1038 428 1071; x_wconf 89' lang='lat' dir='ltr'>si</span> <span class='ocrx_word' id='word_1_152' title='bbox 440 1038 532 1080; x_wconf 86' lang='lat' dir='ltr'>dicamus,</span> <span class='ocrx_word' id='word_1_153' title='bbox 547 1039 600 1081; x_wconf 91' lang='lat' dir='ltr'>quod</span> <span class='ocrx_word' id='word_1_154' title='bbox 612 1039 682 1072; x_wconf 89' lang='lat' dir='ltr'>domus</span> <span class='ocrx_word' id='word_1_155' title='bbox 697 1041 820 1080; x_wconf 88' lang='lat' dir='ltr'>comparatur</span> 
     </span>
     <span class='ocr_line' id='line_1_18' title="bbox 66 1091 820 1134; baseline 0.003 -10"><span class='ocrx_word' id='word_1_156' title='bbox 66 1092 91 1124; x_wconf 87' lang='lat' dir='ltr'>ad</span> <span class='ocrx_word' id='word_1_157' title='bbox 103 1091 220 1125; x_wconf 87' lang='lat' dir='ltr'>intellectum</span> <span class='ocrx_word' id='word_1_158' title='bbox 236 1092 316 1125; x_wconf 84' lang='lat' dir='ltr'>artificis</span> <span class='ocrx_word' id='word_1_159' title='bbox 332 1102 366 1134; x_wconf 86' lang='lat' dir='ltr'>per</span> <span class='ocrx_word' id='word_1_160' title='bbox 382 1102 411 1132; x_wconf 81' lang='lat' dir='ltr'>se;</span> <span class='ocrx_word' id='word_1_161' title='bbox 426 1102 462 1134; x_wconf 91' lang='lat' dir='ltr'>per</span> <span class='ocrx_word' id='word_1_162' title='bbox 476 1092 564 1125; x_wconf 87' lang='lat' dir='ltr'>accidens</span> <span class='ocrx_word' id='word_1_163' title='bbox 579 1095 643 1125; x_wconf 88' lang='lat' dir='ltr'>autem</span> <span class='ocrx_word' id='word_1_164' title='bbox 658 1095 781 1134; x_wconf 86' lang='lat' dir='ltr'>comparatur</span> <span class='ocrx_word' id='word_1_165' title='bbox 796 1093 820 1126; x_wconf 85' lang='lat' dir='ltr'>ad</span> 
     </span>
     <span class='ocr_line' id='line_1_19' title="bbox 67 1144 821 1187; baseline 0.003 -10"><span class='ocrx_word' id='word_1_166' title='bbox 67 1144 189 1186; x_wconf 87' lang='lat' dir='ltr'>intellectum,</span> <span class='ocrx_word' id='word_1_167' title='bbox 202 1156 212 1178; x_wconf 88' lang='lat' dir='ltr'>a</span> <span class='ocrx_word' id='word_1_168' title='bbox 225 1156 263 1187; x_wconf 88' lang='lat' dir='ltr'>quo</span> <span class='ocrx_word' id='word_1_169' title='bbox 275 1156 314 1179; x_wconf 93' lang='lat' dir='ltr'>non</span> <span class='ocrx_word' id='word_1_170' title='bbox 327 1146 427 1187; x_wconf 86' lang='lat' dir='ltr'>dependet.</span> <span class='ocrx_word' id='word_1_171' title='bbox 447 1145 543 1179; x_wconf 89' lang='lat' dir='ltr'>Iudicium</span> <span class='ocrx_word' id='word_1_172' title='bbox 554 1148 619 1179; x_wconf 88' lang='lat' dir='ltr'>autem</span> <span class='ocrx_word' id='word_1_173' title='bbox 628 1146 651 1179; x_wconf 90' lang='lat' dir='ltr'>de</span> <span class='ocrx_word' id='word_1_174' title='bbox 659 1156 680 1179; x_wconf 85' lang='lat' dir='ltr'>re</span> <span class='ocrx_word' id='word_1_175' title='bbox 689 1155 728 1179; x_wconf 88' lang='lat' dir='ltr'>non</span> <span class='ocrx_word' id='word_1_176' title='bbox 737 1146 821 1179; x_wconf 73' lang='lat' dir='ltr'>sumitm&#39;</span> 
     </span>
     <span class='ocr_line' id='line_1_20' title="bbox 68 1199 821 1242; baseline 0.004 -11"><span class='ocrx_word' id='word_1_177' title='bbox 68 1200 174 1232; x_wconf 86' lang='lat' dir='ltr'>secundum</span> <span class='ocrx_word' id='word_1_178' title='bbox 189 1200 214 1240; x_wconf 82' lang='lat' dir='ltr'>id,</span> <span class='ocrx_word' id='word_1_179' title='bbox 231 1200 282 1242; x_wconf 90' lang='lat' dir='ltr'>quod</span> <span class='ocrx_word' id='word_1_180' title='bbox 299 1200 349 1233; x_wconf 91' lang='lat' dir='ltr'>inest</span> <span class='ocrx_word' id='word_1_181' title='bbox 364 1199 381 1232; x_wconf 92' lang='lat' dir='ltr'>ei</span> <span class='ocrx_word' id='word_1_182' title='bbox 393 1209 428 1241; x_wconf 87' lang='lat' dir='ltr'>per</span> <span class='ocrx_word' id='word_1_183' title='bbox 443 1199 536 1241; x_wconf 88' lang='lat' dir='ltr'>accidens,</span> <span class='ocrx_word' id='word_1_184' title='bbox 555 1200 589 1233; x_wconf 90' lang='lat' dir='ltr'>sed</span> <span class='ocrx_word' id='word_1_185' title='bbox 605 1200 711 1233; x_wconf 83' lang='lat' dir='ltr'>secundnm</span> <span class='ocrx_word' id='word_1_186' title='bbox 726 1200 751 1241; x_wconf 88' lang='lat' dir='ltr'>id,</span> <span class='ocrx_word' id='word_1_187' title='bbox 768 1201 821 1242; x_wconf 87' lang='lat' dir='ltr'>quod</span> 
     </span>
     <span class='ocr_line' id='line_1_21' title="bbox 66 1253 821 1295; baseline 0.001 -10"><span class='ocrx_word' id='word_1_188' title='bbox 66 1253 117 1286; x_wconf 88' lang='lat' dir='ltr'>inest</span> <span class='ocrx_word' id='word_1_189' title='bbox 125 1254 142 1286; x_wconf 92' lang='lat' dir='ltr'>ei</span> <span class='ocrx_word' id='word_1_190' title='bbox 151 1263 185 1295; x_wconf 86' lang='lat' dir='ltr'>per</span> <span class='ocrx_word' id='word_1_191' title='bbox 194 1264 220 1287; x_wconf 87' lang='lat' dir='ltr'>se.</span> <span class='ocrx_word' id='word_1_192' title='bbox 236 1254 290 1287; x_wconf 90' lang='lat' dir='ltr'>Unde</span> <span class='ocrx_word' id='word_1_193' title='bbox 299 1263 426 1295; x_wconf 87' lang='lat' dir='ltr'>unaquaeque</span> <span class='ocrx_word' id='word_1_194' title='bbox 435 1263 466 1287; x_wconf 90' lang='lat' dir='ltr'>res</span> <span class='ocrx_word' id='word_1_195' title='bbox 476 1253 546 1286; x_wconf 89' lang='lat' dir='ltr'>dicitur</span> <span class='ocrx_word' id='word_1_196' title='bbox 555 1263 602 1287; x_wconf 88' lang='lat' dir='ltr'>vera</span> <span class='ocrx_word' id='word_1_197' title='bbox 611 1254 704 1295; x_wconf 77' lang='lat' dir='ltr'>absolute,</span> <span class='ocrx_word' id='word_1_198' title='bbox 714 1254 821 1287; x_wconf 91' lang='lat' dir='ltr'>secundnm</span> 
     </span>
     <span class='ocr_line' id='line_1_22' title="bbox 67 1306 821 1350; baseline 0.003 -12"><span class='ocrx_word' id='word_1_199' title='bbox 67 1306 155 1340; x_wconf 85' lang='lat' dir='ltr'>ordinem</span> <span class='ocrx_word' id='word_1_200' title='bbox 167 1307 192 1340; x_wconf 86' lang='lat' dir='ltr'>ad</span> <span class='ocrx_word' id='word_1_201' title='bbox 204 1307 326 1349; x_wconf 73' lang='lat' dir='ltr'>intellectum⁷</span> <span class='ocrx_word' id='word_1_202' title='bbox 338 1317 348 1340; x_wconf 93' lang='lat' dir='ltr'>a</span> <span class='ocrx_word' id='word_1_203' title='bbox 360 1317 399 1349; x_wconf 92' lang='lat' dir='ltr'>qno</span> <span class='ocrx_word' id='word_1_204' title='bbox 411 1307 512 1349; x_wconf 87' lang='lat' dir='ltr'>dependet.</span> <span class='ocrx_word' id='word_1_205' title='bbox 532 1308 556 1340; x_wconf 86' lang='lat' dir='ltr'>Et</span> <span class='ocrx_word' id='word_1_206' title='bbox 568 1307 613 1341; x_wconf 87' lang='lat' dir='ltr'>inde</span> <span class='ocrx_word' id='word_1_207' title='bbox 625 1310 659 1348; x_wconf 82' lang='lat' dir='ltr'>est,</span> <span class='ocrx_word' id='word_1_208' title='bbox 671 1307 724 1350; x_wconf 87' lang='lat' dir='ltr'>quod</span> <span class='ocrx_word' id='word_1_209' title='bbox 736 1317 768 1340; x_wconf 91' lang='lat' dir='ltr'>res</span> <span class='ocrx_word' id='word_1_210' title='bbox 777 1307 821 1340; x_wconf 87' lang='lat' dir='ltr'>arti-</span> 
     </span>
     <span class='ocr_line' id='line_1_23' title="bbox 67 1360 821 1403; baseline 0.003 -11"><span class='ocrx_word' id='word_1_211' title='bbox 67 1360 139 1393; x_wconf 87' lang='lat' dir='ltr'>liciales</span> <span class='ocrx_word' id='word_1_212' title='bbox 152 1361 244 1394; x_wconf 80' lang='lat' dir='ltr'>&lt;licuntur</span> <span class='ocrx_word' id='word_1_213' title='bbox 256 1371 314 1394; x_wconf 84' lang='lat' dir='ltr'>verae</span> <span class='ocrx_word' id='word_1_214' title='bbox 326 1371 361 1403; x_wconf 90' lang='lat' dir='ltr'>per</span> <span class='ocrx_word' id='word_1_215' title='bbox 373 1361 462 1394; x_wconf 84' lang='lat' dir='ltr'>ordinem</span> <span class='ocrx_word' id='word_1_216' title='bbox 474 1362 498 1394; x_wconf 89' lang='lat' dir='ltr'>ad</span> <span class='ocrx_word' id='word_1_217' title='bbox 506 1361 623 1394; x_wconf 88' lang='lat' dir='ltr'>intellectum</span> <span class='ocrx_word' id='word_1_218' title='bbox 632 1365 727 1394; x_wconf 86' lang='lat' dir='ltr'>nostrum.</span> <span class='ocrx_word' id='word_1_219' title='bbox 747 1361 821 1394; x_wconf 88' lang='lat' dir='ltr'>Dicitur</span> 
     </span>
     <span class='ocr_line' id='line_1_24' title="bbox 67 1414 821 1457; baseline 0.003 -11"><span class='ocrx_word' id='word_1_220' title='bbox 67 1414 118 1446; x_wconf 80' lang='lat' dir='ltr'>erum</span> <span class='ocrx_word' id='word_1_221' title='bbox 131 1415 201 1448; x_wconf 93' lang='lat' dir='ltr'>domus</span> <span class='ocrx_word' id='word_1_222' title='bbox 214 1425 265 1456; x_wconf 82' lang='lat' dir='ltr'>vera,</span> <span class='ocrx_word' id='word_1_223' title='bbox 281 1425 330 1457; x_wconf 90' lang='lat' dir='ltr'>quae</span> <span class='ocrx_word' id='word_1_224' title='bbox 345 1415 457 1457; x_wconf 81' lang='lat' dir='ltr'>assequitur</span> <span class='ocrx_word' id='word_1_225' title='bbox 472 1414 618 1448; x_wconf 83' lang='lat' dir='ltr'>similitudinem</span> <span class='ocrx_word' id='word_1_226' title='bbox 632 1415 712 1455; x_wconf 76' lang='lat' dir='ltr'>formae,</span> <span class='ocrx_word' id='word_1_227' title='bbox 727 1424 776 1457; x_wconf 88' lang='lat' dir='ltr'>quae</span> <span class='ocrx_word' id='word_1_228' title='bbox 791 1418 821 1448; x_wconf 89' lang='lat' dir='ltr'>est</span> 
     </span>
     <span class='ocr_line' id='line_1_25' title="bbox 68 1468 821 1511; baseline 0.001 -11"><span class='ocrx_word' id='word_1_229' title='bbox 68 1468 88 1501; x_wconf 91' lang='lat' dir='ltr'>in</span> <span class='ocrx_word' id='word_1_230' title='bbox 100 1473 163 1502; x_wconf 88' lang='lat' dir='ltr'>mente</span> <span class='ocrx_word' id='word_1_231' title='bbox 176 1469 265 1510; x_wconf 75' lang='lat' dir='ltr'>artificis3</span> <span class='ocrx_word' id='word_1_232' title='bbox 281 1473 300 1502; x_wconf 93' lang='lat' dir='ltr'>et</span> <span class='ocrx_word' id='word_1_233' title='bbox 315 1469 385 1502; x_wconf 89' lang='lat' dir='ltr'>dicitur</span> <span class='ocrx_word' id='word_1_234' title='bbox 398 1469 459 1502; x_wconf 90' lang='lat' dir='ltr'>oratio</span> <span class='ocrx_word' id='word_1_235' title='bbox 471 1479 523 1510; x_wconf 74' lang='lat' dir='ltr'>nera,</span> <span class='ocrx_word' id='word_1_236' title='bbox 535 1469 650 1511; x_wconf 83' lang='lat' dir='ltr'>inquantum</span> <span class='ocrx_word' id='word_1_237' title='bbox 663 1472 692 1503; x_wconf 91' lang='lat' dir='ltr'>est</span> <span class='ocrx_word' id='word_1_238' title='bbox 704 1469 782 1511; x_wconf 81' lang='lat' dir='ltr'>signum</span> <span class='ocrx_word' id='word_1_239' title='bbox 794 1469 821 1501; x_wconf 86' lang='lat' dir='ltr'>in·</span> 
     </span>
     <span class='ocr_line' id='line_1_26' title="bbox 69 1523 821 1564; baseline 0 -10"><span class='ocrx_word' id='word_1_240' title='bbox 69 1523 155 1556; x_wconf 85' lang='lat' dir='ltr'>tellectus</span> <span class='ocrx_word' id='word_1_241' title='bbox 164 1523 211 1556; x_wconf 86' lang='lat' dir='ltr'>veri.</span> <span class='ocrx_word' id='word_1_242' title='bbox 224 1524 249 1556; x_wconf 85' lang='lat' dir='ltr'>Et</span> <span class='ocrx_word' id='word_1_243' title='bbox 258 1523 346 1556; x_wconf 87' lang='lat' dir='ltr'>similiter</span> <span class='ocrx_word' id='word_1_244' title='bbox 352 1533 384 1556; x_wconf 89' lang='lat' dir='ltr'>res</span> <span class='ocrx_word' id='word_1_245' title='bbox 391 1523 489 1556; x_wconf 85' lang='lat' dir='ltr'>naturales</span> <span class='ocrx_word' id='word_1_246' title='bbox 496 1523 587 1556; x_wconf 89' lang='lat' dir='ltr'>dicuntur</span> <span class='ocrx_word' id='word_1_247' title='bbox 593 1532 636 1556; x_wconf 89' lang='grc' dir='ltr'>θεεθ</span> <span class='ocrx_word' id='word_1_248' title='bbox 643 1532 705 1564; x_wconf 65' lang='lat' dir='ltr'>verae,</span> <span class='ocrx_word' id='word_1_249' title='bbox 715 1523 821 1556; x_wconf 85' lang='lat' dir='ltr'>secundum</span> 
     </span>
     <span class='ocr_line' id='line_1_27' title="bbox 68 1576 822 1618; baseline 0 -9"><span class='ocrx_word' id='word_1_250' title='bbox 68 1576 121 1618; x_wconf 89' lang='lat' dir='ltr'>quod</span> <span class='ocrx_word' id='word_1_251' title='bbox 134 1580 266 1618; x_wconf 87' lang='lat' dir='ltr'>assequuntur</span> <span class='ocrx_word' id='word_1_252' title='bbox 278 1576 424 1610; x_wconf 90' lang='lat' dir='ltr'>similitudinem</span> <span class='ocrx_word' id='word_1_253' title='bbox 437 1576 550 1618; x_wconf 86' lang='lat' dir='ltr'>specierum,</span> <span class='ocrx_word' id='word_1_254' title='bbox 566 1586 615 1618; x_wconf 87' lang='lat' dir='ltr'>quae</span> <span class='ocrx_word' id='word_1_255' title='bbox 630 1576 707 1609; x_wconf 88' lang='lat' dir='ltr'>suntin</span> <span class='ocrx_word' id='word_1_256' title='bbox 719 1579 783 1609; x_wconf 89' lang='lat' dir='ltr'>mente</span> <span class='ocrx_word' id='word_1_257' title='bbox 795 1576 822 1609; x_wconf 89' lang='lat' dir='ltr'>di·</span> 
     </span>
     <span class='ocr_line' id='line_1_28' title="bbox 69 1630 821 1672; baseline 0.001 -10"><span class='ocrx_word' id='word_1_258' title='bbox 69 1630 119 1663; x_wconf 84' lang='lat' dir='ltr'>vina.</span> <span class='ocrx_word' id='word_1_259' title='bbox 146 1630 219 1663; x_wconf 83' lang='lat' dir='ltr'>Dicitur</span> <span class='ocrx_word' id='word_1_260' title='bbox 237 1630 287 1663; x_wconf 92' lang='lat' dir='ltr'>enim</span> <span class='ocrx_word' id='word_1_261' title='bbox 306 1640 365 1663; x_wconf 87' lang='lat' dir='ltr'>verus</span> <span class='ocrx_word' id='word_1_262' title='bbox 382 1630 436 1672; x_wconf 83' lang='lat' dir='ltr'>lapis,</span> <span class='ocrx_word' id='word_1_263' title='bbox 455 1630 488 1672; x_wconf 89' lang='lat' dir='ltr'>qui</span> <span class='ocrx_word' id='word_1_264' title='bbox 506 1630 617 1672; x_wconf 86' lang='lat' dir='ltr'>assequitur</span> <span class='ocrx_word' id='word_1_265' title='bbox 634 1630 734 1671; x_wconf 86' lang='lat' dir='ltr'>propriam</span> <span class='ocrx_word' id='word_1_266' title='bbox 751 1630 821 1672; x_wconf 88' lang='lat' dir='ltr'>lapidis</span> 
     </span>
     <span class='ocr_line' id='line_1_29' title="bbox 68 1683 821 1726; baseline 0.001 -10"><span class='ocrx_word' id='word_1_267' title='bbox 68 1687 164 1725; x_wconf 72' lang='lat' dir='ltr'>naturam,</span> <span class='ocrx_word' id='word_1_268' title='bbox 182 1684 289 1717; x_wconf 87' lang='lat' dir='ltr'>secundum</span> <span class='ocrx_word' id='word_1_269' title='bbox 307 1684 498 1726; x_wconf 87' lang='lat' dir='ltr'>praeconceptionem</span> <span class='ocrx_word' id='word_1_270' title='bbox 513 1684 621 1717; x_wconf 83' lang='lat' dir='ltr'>intellectus</span> <span class='ocrx_word' id='word_1_271' title='bbox 636 1683 702 1717; x_wconf 85' lang='lat' dir='ltr'>divini.</span> <span class='ocrx_word' id='word_1_272' title='bbox 726 1683 757 1717; x_wconf 83' lang='lat' dir='ltr'>Sic</span> <span class='ocrx_word' id='word_1_273' title='bbox 774 1693 821 1726; x_wconf 81' lang='lat' dir='ltr'>ergo</span> 
     </span>
     <span class='ocr_line' id='line_1_30' title="bbox 68 1737 822 1781; baseline 0 -10"><span class='ocrx_word' id='word_1_274' title='bbox 68 1737 141 1772; x_wconf 82' lang='lat' dir='ltr'>veritas</span> <span class='ocrx_word' id='word_1_275' title='bbox 150 1738 299 1781; x_wconf 76' lang='lat' dir='ltr'>principaliter</span> <span class='ocrx_word' id='word_1_276' title='bbox 310 1741 340 1771; x_wconf 91' lang='lat' dir='ltr'>est</span> <span class='ocrx_word' id='word_1_277' title='bbox 348 1738 367 1771; x_wconf 86' lang='lat' dir='ltr'>iu</span> <span class='ocrx_word' id='word_1_278' title='bbox 379 1738 481 1780; x_wconf 67' lang='lat' dir='ltr'>intellectu,</span> <span class='ocrx_word' id='word_1_279' title='bbox 493 1738 613 1772; x_wconf 79' lang='lat' dir='ltr'>seccadarlo</span> <span class='ocrx_word' id='word_1_280' title='bbox 626 1747 673 1771; x_wconf 79' lang='lat' dir='ltr'>uero</span> <span class='ocrx_word' id='word_1_281' title='bbox 685 1737 705 1771; x_wconf 90' lang='lat' dir='ltr'>in</span> <span class='ocrx_word' id='word_1_282' title='bbox 717 1739 781 1779; x_wconf 89' lang='lat' dir='ltr'>rebus,</span> <span class='ocrx_word' id='word_1_283' title='bbox 794 1747 822 1771; x_wconf 86' lang='lat' dir='ltr'>se-</span> 
     </span>
     <span class='ocr_line' id='line_1_31' title="bbox 69 1791 738 1834; baseline -0.001 -9"><span class='ocrx_word' id='word_1_284' title='bbox 69 1792 154 1825; x_wconf 86' lang='lat' dir='ltr'>cundum</span> <span class='ocrx_word' id='word_1_285' title='bbox 166 1793 218 1834; x_wconf 87' lang='lat' dir='ltr'>quod</span> <span class='ocrx_word' id='word_1_286' title='bbox 231 1795 369 1834; x_wconf 86' lang='lat' dir='ltr'>comparantur</span> <span class='ocrx_word' id='word_1_287' title='bbox 381 1793 406 1826; x_wconf 90' lang='lat' dir='ltr'>ad</span> <span class='ocrx_word' id='word_1_288' title='bbox 417 1792 535 1825; x_wconf 87' lang='lat' dir='ltr'>intellectum</span> <span class='ocrx_word' id='word_1_289' title='bbox 547 1795 568 1825; x_wconf 90' lang='lat' dir='ltr'>nt</span> <span class='ocrx_word' id='word_1_290' title='bbox 580 1792 604 1825; x_wconf 91' lang='lat' dir='ltr'>ad</span> <span class='ocrx_word' id='word_1_291' title='bbox 616 1791 738 1834; x_wconf 88' lang='lat' dir='ltr'>principium.</span> 
     </span>
    </p>

    <p class='ocr_par' dir='ltr' id='par_1_4' title="bbox 68 1845 823 2270">
     <span class='ocr_line' id='line_1_32' title="bbox 135 1845 822 1880; baseline 0.001 -1"><span class='ocrx_word' id='word_1_292' title='bbox 135 1847 159 1879; x_wconf 87' lang='lat' dir='ltr'>Et</span> <span class='ocrx_word' id='word_1_293' title='bbox 178 1847 284 1880; x_wconf 87' lang='lat' dir='ltr'>secundum</span> <span class='ocrx_word' id='word_1_294' title='bbox 299 1847 335 1880; x_wconf 90' lang='lat' dir='ltr'>hoc</span> <span class='ocrx_word' id='word_1_295' title='bbox 350 1846 423 1880; x_wconf 82' lang='lat' dir='ltr'>veritas</span> <span class='ocrx_word' id='word_1_296' title='bbox 439 1846 572 1880; x_wconf 64' lang='lat' dir='ltr'>dirici-stratocle</span> <span class='ocrx_word' id='word_1_297' title='bbox 588 1845 703 1879; x_wconf 78' lang='lat' dir='ltr'>notificatur.</span> <span class='ocrx_word' id='word_1_298' title='bbox 727 1846 776 1879; x_wconf 89' lang='lat' dir='ltr'>Nam</span> <span class='ocrx_word' id='word_1_299' title='bbox 791 1846 822 1880; x_wconf 74' lang='lat' dir='ltr'>cle·</span> 
     </span>
     <span class='ocr_line' id='line_1_33' title="bbox 68 1900 821 1943; baseline 0.001 -10"><span class='ocrx_word' id='word_1_300' title='bbox 68 1901 131 1934; x_wconf 74' lang='lat' dir='ltr'>finitio</span> <span class='ocrx_word' id='word_1_301' title='bbox 144 1901 212 1934; x_wconf 90' lang='lat' dir='ltr'>Hilarii</span> <span class='ocrx_word' id='word_1_302' title='bbox 225 1901 309 1943; x_wconf 85' lang='lat' dir='ltr'>pertinet</span> <span class='ocrx_word' id='word_1_303' title='bbox 320 1901 344 1934; x_wconf 87' lang='lat' dir='ltr'>ad</span> <span class='ocrx_word' id='word_1_304' title='bbox 357 1901 448 1934; x_wconf 78' lang='lat' dir='ltr'>effectum</span> <span class='ocrx_word' id='word_1_305' title='bbox 460 1904 610 1943; x_wconf 88' lang='lat' dir='ltr'>consequentem</span> <span class='ocrx_word' id='word_1_306' title='bbox 622 1900 716 1934; x_wconf 89' lang='lat' dir='ltr'>rationem</span> <span class='ocrx_word' id='word_1_307' title='bbox 729 1900 821 1941; x_wconf 80' lang='lat' dir='ltr'>veritatis,</span> 
     </span>
     <span class='ocr_line' id='line_1_34' title="bbox 68 1953 822 1998; baseline -0.001 -10"><span class='ocrx_word' id='word_1_308' title='bbox 68 1956 93 1988; x_wconf 87' lang='lat' dir='ltr'>ad</span> <span class='ocrx_word' id='word_1_309' title='bbox 105 1955 206 1989; x_wconf 82' lang='lat' dir='ltr'>veritatem</span> <span class='ocrx_word' id='word_1_310' title='bbox 222 1965 252 1998; x_wconf 83' lang='lat' dir='ltr'>sc,</span> <span class='ocrx_word' id='word_1_311' title='bbox 269 1956 376 1989; x_wconf 88' lang='lat' dir='ltr'>secundum</span> <span class='ocrx_word' id='word_1_312' title='bbox 392 1955 444 1998; x_wconf 89' lang='lat' dir='ltr'>quod</span> <span class='ocrx_word' id='word_1_313' title='bbox 456 1958 486 1989; x_wconf 91' lang='lat' dir='ltr'>est</span> <span class='ocrx_word' id='word_1_314' title='bbox 500 1955 519 1988; x_wconf 90' lang='lat' dir='ltr'>in</span> <span class='ocrx_word' id='word_1_315' title='bbox 535 1955 636 1989; x_wconf 83' lang='lat' dir='ltr'>intellectu.</span> <span class='ocrx_word' id='word_1_316' title='bbox 661 1954 698 1989; x_wconf 88' lang='lat' dir='ltr'>Sed</span> <span class='ocrx_word' id='word_1_317' title='bbox 713 1953 822 1988; x_wconf 82' lang='lat' dir='ltr'>definitioa</span> 
     </span>
     <span class='ocr_line' id='line_1_35' title="bbox 68 2009 822 2052; baseline -0.001 -10"><span class='ocrx_word' id='word_1_318' title='bbox 68 2010 125 2043; x_wconf 88' lang='lat' dir='ltr'>nobis</span> <span class='ocrx_word' id='word_1_319' title='bbox 137 2010 194 2043; x_wconf 89' lang='lat' dir='ltr'>allata</span> <span class='ocrx_word' id='word_1_320' title='bbox 206 2010 289 2052; x_wconf 88' lang='lat' dir='ltr'>pertinet</span> <span class='ocrx_word' id='word_1_321' title='bbox 297 2011 321 2043; x_wconf 90' lang='lat' dir='ltr'>ad</span> <span class='ocrx_word' id='word_1_322' title='bbox 330 2010 431 2043; x_wconf 86' lang='lat' dir='ltr'>veritatem</span> <span class='ocrx_word' id='word_1_323' title='bbox 439 2010 547 2043; x_wconf 90' lang='lat' dir='ltr'>intellectus</span> <span class='ocrx_word' id='word_1_324' title='bbox 555 2010 634 2052; x_wconf 89' lang='lat' dir='ltr'>proprie</span> <span class='ocrx_word' id='word_1_325' title='bbox 643 2009 750 2043; x_wconf 88' lang='lat' dir='ltr'>secundum</span> <span class='ocrx_word' id='word_1_326' title='bbox 758 2012 822 2042; x_wconf 84' lang='lat' dir='ltr'>actum</span> 
     </span>
     <span class='ocr_line' id='line_1_36' title="bbox 69 2063 822 2107; baseline -0.001 -10"><span class='ocrx_word' id='word_1_327' title='bbox 69 2064 211 2098; x_wconf 82' lang='lat' dir='ltr'>enuntiativum</span> <span class='ocrx_word' id='word_1_328' title='bbox 228 2065 361 2107; x_wconf 81' lang='lat' dir='ltr'>eonrponentis</span> <span class='ocrx_word' id='word_1_329' title='bbox 379 2067 398 2098; x_wconf 86' lang='lat' dir='ltr'>et</span> <span class='ocrx_word' id='word_1_330' title='bbox 415 2064 526 2098; x_wconf 76' lang='lat' dir='ltr'>dividentis.</span> <span class='ocrx_word' id='word_1_331' title='bbox 552 2064 617 2097; x_wconf 88' lang='lat' dir='ltr'>Prima</span> <span class='ocrx_word' id='word_1_332' title='bbox 635 2064 686 2097; x_wconf 83' lang='lat' dir='ltr'>enim</span> <span class='ocrx_word' id='word_1_333' title='bbox 704 2063 822 2105; x_wconf 89' lang='lat' dir='ltr'>comparatio</span> 
     </span>
     <span class='ocr_line' id='line_1_37' title="bbox 69 2116 822 2161; baseline -0.001 -10"><span class='ocrx_word' id='word_1_334' title='bbox 69 2118 119 2152; x_wconf 90' lang='lat' dir='ltr'>entis</span> <span class='ocrx_word' id='word_1_335' title='bbox 129 2119 153 2152; x_wconf 87' lang='lat' dir='ltr'>ad</span> <span class='ocrx_word' id='word_1_336' title='bbox 162 2119 278 2152; x_wconf 88' lang='lat' dir='ltr'>intellectum</span> <span class='ocrx_word' id='word_1_337' title='bbox 288 2123 323 2161; x_wconf 86' lang='lat' dir='ltr'>est,</span> <span class='ocrx_word' id='word_1_338' title='bbox 335 2122 356 2153; x_wconf 92' lang='lat' dir='ltr'>ut</span> <span class='ocrx_word' id='word_1_339' title='bbox 365 2129 399 2152; x_wconf 92' lang='lat' dir='ltr'>ens</span> <span class='ocrx_word' id='word_1_340' title='bbox 406 2118 509 2152; x_wconf 88' lang='lat' dir='ltr'>intellectui</span> <span class='ocrx_word' id='word_1_341' title='bbox 517 2119 676 2161; x_wconf 79' lang='lat' dir='ltr'>correspondeat:</span> <span class='ocrx_word' id='word_1_342' title='bbox 687 2127 735 2161; x_wconf 85' lang='lat' dir='ltr'>quae</span> <span class='ocrx_word' id='word_1_343' title='bbox 744 2116 822 2160; x_wconf 85' lang='lat' dir='ltr'>quidem</span> 
     </span>
     <span class='ocr_line' id='line_1_38' title="bbox 69 2173 823 2216; baseline -0.001 -10"><span class='ocrx_word' id='word_1_344' title='bbox 69 2173 241 2216; x_wconf 86' lang='lat' dir='ltr'>correspondentia</span> <span class='ocrx_word' id='word_1_345' title='bbox 257 2174 380 2216; x_wconf 77' lang='lat' dir='ltr'>actaeqaotz&#39;o</span> <span class='ocrx_word' id='word_1_346' title='bbox 395 2174 425 2207; x_wconf 79' lang='lat' dir='ltr'>rel</span> <span class='ocrx_word' id='word_1_347' title='bbox 438 2176 456 2207; x_wconf 84' lang='lat' dir='ltr'>et</span> <span class='ocrx_word' id='word_1_348' title='bbox 466 2173 580 2207; x_wconf 73' lang='lat' dir='ltr'>intellectus</span> <span class='ocrx_word' id='word_1_349' title='bbox 592 2173 662 2206; x_wconf 89' lang='lat' dir='ltr'>dicitur</span> <span class='ocrx_word' id='word_1_350' title='bbox 674 2176 693 2206; x_wconf 89' lang='lat' dir='ltr'>et</span> <span class='ocrx_word' id='word_1_351' title='bbox 704 2173 724 2205; x_wconf 94' lang='lat' dir='ltr'>in</span> <span class='ocrx_word' id='word_1_352' title='bbox 736 2174 772 2206; x_wconf 86' lang='lat' dir='ltr'>hoc</span> <span class='ocrx_word' id='word_1_353' title='bbox 784 2173 823 2207; x_wconf 78' lang='lat' dir='ltr'>for-</span> 
     </span>
     <span class='ocr_line' id='line_1_39' title="bbox 70 2228 397 2270; baseline 0.003 -10"><span class='ocrx_word' id='word_1_354' title='bbox 70 2228 153 2262; x_wconf 78' lang='lat' dir='ltr'>maliter</span> <span class='ocrx_word' id='word_1_355' title='bbox 164 2229 219 2262; x_wconf 78' lang='lat' dir='ltr'>ratio</span> <span class='ocrx_word' id='word_1_356' title='bbox 232 2228 274 2261; x_wconf 69' lang='lat' dir='ltr'>vert</span> <span class='ocrx_word' id='word_1_357' title='bbox 283 2228 397 2270; x_wconf 64' lang='lat' dir='ltr'>perficitur.</span> 
     </span>
    </p>

    <p class='ocr_par' dir='ltr' id='par_1_5' title="bbox 136 2292 760 2335">
     <span class='ocr_line' id='line_1_40' title="bbox 136 2292 760 2335; baseline -0.008 -9"><span class='ocrx_word' id='word_1_358' title='bbox 136 2294 160 2326; x_wconf 85' lang='lat' dir='ltr'>Et</span> <span class='ocrx_word' id='word_1_359' title='bbox 172 2303 207 2335; x_wconf 90' lang='lat' dir='ltr'>per</span> <span class='ocrx_word' id='word_1_360' title='bbox 220 2294 255 2326; x_wconf 85' lang='lat' dir='ltr'>lroc</span> <span class='ocrx_word' id='word_1_361' title='bbox 267 2296 319 2335; x_wconf 86' lang='lat' dir='ltr'>patet</span> <span class='ocrx_word' id='word_1_362' title='bbox 331 2292 434 2335; x_wconf 86' lang='lat' dir='ltr'>responsio</span> <span class='ocrx_word' id='word_1_363' title='bbox 446 2303 467 2323; x_wconf 79' lang='lat' dir='ltr'>au</span> <span class='ocrx_word' id='word_1_364' title='bbox 480 2302 545 2324; x_wconf 80' lang='lat' dir='ltr'>rmum.</span> <span class='ocrx_word' id='word_1_365' title='bbox 759 2330 760 2333; x_wconf 11' lang='grc' dir='ltr'><strong>Ἴ</strong></span> 
     </span>
    </p>

    <p class='ocr_par' dir='ltr' id='par_1_6' title="bbox 69 2345 823 2661">
     <span class='ocr_line' id='line_1_41' title="bbox 134 2345 823 2389; baseline -0.003 -8"><span class='ocrx_word' id='word_1_366' title='bbox 134 2349 161 2381; x_wconf 78' lang='lat' dir='ltr'>An</span> <span class='ocrx_word' id='word_1_367' title='bbox 172 2358 254 2379; x_wconf 68' lang='lat' dir='ltr'>eremum</span> <span class='ocrx_word' id='word_1_368' title='bbox 266 2358 345 2379; x_wconf 70' lang='lat' dir='ltr'>nrcnxnun</span> <span class='ocrx_word' id='word_1_369' title='bbox 357 2347 409 2389; x_wconf 89' lang='lat' dir='ltr'>quod</span> <span class='ocrx_word' id='word_1_370' title='bbox 418 2356 487 2380; x_wconf 89' lang='lat' dir='ltr'>verum</span> <span class='ocrx_word' id='word_1_371' title='bbox 499 2346 606 2379; x_wconf 82' lang='lat' dir='ltr'>intellectus</span> <span class='ocrx_word' id='word_1_372' title='bbox 619 2345 681 2379; x_wconf 82' lang='lat' dir='ltr'>nostri</span> <span class='ocrx_word' id='word_1_373' title='bbox 690 2346 782 2388; x_wconf 64' lang='lat' dir='ltr'>protritae</span> <span class='ocrx_word' id='word_1_374' title='bbox 794 2349 823 2379; x_wconf 91' lang='lat' dir='ltr'>est</span> 
     </span>
     <span class='ocr_line' id='line_1_42' title="bbox 70 2400 823 2444; baseline -0.003 -9"><span class='ocrx_word' id='word_1_375' title='bbox 70 2403 176 2436; x_wconf 88' lang='lat' dir='ltr'>secundum</span> <span class='ocrx_word' id='word_1_376' title='bbox 189 2402 242 2444; x_wconf 89' lang='lat' dir='ltr'>quod</span> <span class='ocrx_word' id='word_1_377' title='bbox 255 2402 388 2435; x_wconf 82' lang='lat' dir='ltr'>conformatur</span> <span class='ocrx_word' id='word_1_378' title='bbox 401 2410 436 2434; x_wconf 89' lang='lat' dir='ltr'>suo</span> <span class='ocrx_word' id='word_1_379' title='bbox 449 2400 549 2443; x_wconf 85' lang='lat' dir='ltr'>principio,</span> <span class='ocrx_word' id='word_1_380' title='bbox 563 2410 587 2433; x_wconf 91' lang='lat' dir='ltr'>sc.</span> <span class='ocrx_word' id='word_1_381' title='bbox 596 2401 661 2441; x_wconf 80' lang='lat' dir='ltr'>rebus,</span> <span class='ocrx_word' id='word_1_382' title='bbox 673 2410 684 2433; x_wconf 87' lang='lat' dir='ltr'>a</span> <span class='ocrx_word' id='word_1_383' title='bbox 696 2400 767 2442; x_wconf 88' lang='lat' dir='ltr'>quibus</span> <span class='ocrx_word' id='word_1_384' title='bbox 780 2410 823 2442; x_wconf 80' lang='lat' dir='ltr'>cog-</span> 
     </span>
     <span class='ocr_line' id='line_1_43' title="bbox 69 2454 823 2498; baseline -0.003 -9"><span class='ocrx_word' id='word_1_385' title='bbox 69 2457 162 2490; x_wconf 90' lang='lat' dir='ltr'>nitionem</span> <span class='ocrx_word' id='word_1_386' title='bbox 177 2456 253 2498; x_wconf 89' lang='lat' dir='ltr'>accipit;</span> <span class='ocrx_word' id='word_1_387' title='bbox 272 2459 290 2489; x_wconf 89' lang='lat' dir='ltr'>et</span> <span class='ocrx_word' id='word_1_388' title='bbox 308 2466 342 2497; x_wconf 90' lang='lat' dir='ltr'>per</span> <span class='ocrx_word' id='word_1_389' title='bbox 360 2464 481 2497; x_wconf 87' lang='lat' dir='ltr'>consequens</span> <span class='ocrx_word' id='word_1_390' title='bbox 499 2454 572 2487; x_wconf 81' lang='lat' dir='ltr'>veritas</span> <span class='ocrx_word' id='word_1_391' title='bbox 588 2454 725 2487; x_wconf 89' lang='lat' dir='ltr'>enuntiationis</span> <span class='ocrx_word' id='word_1_392' title='bbox 743 2457 773 2488; x_wconf 92' lang='lat' dir='ltr'>est</span> <span class='ocrx_word' id='word_1_393' title='bbox 788 2464 823 2496; x_wconf 91' lang='lat' dir='ltr'>per</span> 
     </span>
     <span class='ocr_line' id='line_1_44' title="bbox 70 2508 823 2552; baseline -0.004 -8"><span class='ocrx_word' id='word_1_394' title='bbox 70 2511 157 2544; x_wconf 82' lang='lat' dir='ltr'>ordinem</span> <span class='ocrx_word' id='word_1_395' title='bbox 166 2511 190 2544; x_wconf 86' lang='lat' dir='ltr'>ad</span> <span class='ocrx_word' id='word_1_396' title='bbox 200 2520 237 2552; x_wconf 73' lang='lat' dir='ltr'>res</span> <span class='ocrx_word' id='word_1_397' title='bbox 246 2521 256 2543; x_wconf 90' lang='lat' dir='ltr'>a</span> <span class='ocrx_word' id='word_1_398' title='bbox 264 2510 336 2552; x_wconf 87' lang='lat' dir='ltr'>quibus</span> <span class='ocrx_word' id='word_1_399' title='bbox 345 2512 440 2543; x_wconf 86' lang='lat' dir='ltr'>causatur.</span> <span class='ocrx_word' id='word_1_400' title='bbox 456 2509 536 2542; x_wconf 81' lang='lat' dir='ltr'>Rcmotc</span> <span class='ocrx_word' id='word_1_401' title='bbox 544 2511 607 2541; x_wconf 90' lang='lat' dir='ltr'>autem</span> <span class='ocrx_word' id='word_1_402' title='bbox 616 2508 715 2541; x_wconf 86' lang='lat' dir='ltr'>reducitur</span> <span class='ocrx_word' id='word_1_403' title='bbox 724 2511 823 2551; x_wconf 84' lang='lat' dir='ltr'>tamquam</span> 
     </span>
     <span class='ocr_line' id='line_1_45' title="bbox 69 2562 823 2607; baseline -0.004 -9"><span class='ocrx_word' id='word_1_404' title='bbox 69 2565 89 2597; x_wconf 94' lang='lat' dir='ltr'>in</span> <span class='ocrx_word' id='word_1_405' title='bbox 101 2565 184 2607; x_wconf 88' lang='lat' dir='ltr'>primam</span> <span class='ocrx_word' id='word_1_406' title='bbox 197 2575 275 2598; x_wconf 87' lang='lat' dir='ltr'>causam</span> <span class='ocrx_word' id='word_1_407' title='bbox 288 2564 307 2597; x_wconf 90' lang='lat' dir='ltr'>in</span> <span class='ocrx_word' id='word_1_408' title='bbox 319 2564 384 2606; x_wconf 89' lang='lat' dir='ltr'>ipsum</span> <span class='ocrx_word' id='word_1_409' title='bbox 397 2564 464 2604; x_wconf 88' lang='lat' dir='ltr'>Deum,</span> <span class='ocrx_word' id='word_1_410' title='bbox 480 2562 525 2605; x_wconf 87' lang='lat' dir='ltr'>qnia</span> <span class='ocrx_word' id='word_1_411' title='bbox 541 2562 582 2596; x_wconf 89' lang='lat' dir='ltr'>eius</span> <span class='ocrx_word' id='word_1_412' title='bbox 594 2572 637 2596; x_wconf 89' lang='lat' dir='ltr'>esse</span> <span class='ocrx_word' id='word_1_413' title='bbox 649 2565 678 2596; x_wconf 90' lang='lat' dir='ltr'>est</span> <span class='ocrx_word' id='word_1_414' title='bbox 690 2572 748 2596; x_wconf 86' lang='lat' dir='ltr'>causa</span> <span class='ocrx_word' id='word_1_415' title='bbox 760 2562 823 2596; x_wconf 90' lang='lat' dir='ltr'>onmis</span> 
     </span>
     <span class='ocr_line' id='line_1_46' title="bbox 70 2616 674 2661; baseline -0.005 -9"><span class='ocrx_word' id='word_1_416' title='bbox 70 2628 118 2660; x_wconf 76' lang='lat' dir='ltr'>esse</span> <span class='ocrx_word' id='word_1_417' title='bbox 132 2619 180 2652; x_wconf 89' lang='lat' dir='ltr'>sicut</span> <span class='ocrx_word' id='word_1_418' title='bbox 192 2619 234 2652; x_wconf 86' lang='lat' dir='ltr'>eins</span> <span class='ocrx_word' id='word_1_419' title='bbox 246 2619 353 2661; x_wconf 79' lang='lat' dir='ltr'>intelligere</span> <span class='ocrx_word' id='word_1_420' title='bbox 365 2621 395 2651; x_wconf 88' lang='lat' dir='ltr'>est</span> <span class='ocrx_word' id='word_1_421' title='bbox 407 2627 464 2651; x_wconf 87' lang='lat' dir='ltr'>causa</span> <span class='ocrx_word' id='word_1_422' title='bbox 477 2616 540 2650; x_wconf 90' lang='lat' dir='ltr'>omnis</span> <span class='ocrx_word' id='word_1_423' title='bbox 553 2617 674 2659; x_wconf 80' lang='lat' dir='ltr'>cognitionis.</span> 
     </span>
    </p>
   </div>
   <div class='ocr_carea' id='block_1_3' title="bbox 0 0 933 3062">
    <p class='ocr_par' dir='ltr' id='par_1_7' title="bbox 0 0 933 3062">
     <span class='ocr_line' id='line_1_47' title="bbox 0 0 933 3062; baseline 0 0"><span class='ocrx_word' id='word_1_424' title='bbox 0 0 933 3062; x_wconf 95' lang='lat' dir='ltr'> </span> 
     </span>
    </p>
   </div>
  </div>
 </body>
</html>
