1846 3062
312 142 419 181 QUAESTIO
430 142 452 173 IX
475 142 596 174 ARTICULUS
607 142 615 173 Ι
708 159 710 163 -
816 134 841 170 73

86 237 196 272 referantur
204 236 227 271 a¹l
236 236 289 279 illud,
297 237 322 271 ad
330 236 383 281 quod
391 236 516 279 ordinantur;
525 239 543 270 et
552 236 579 271 sie
587 239 668 280 oportet,
677 236 729 281 quod
738 236 842 270 relationes

87 294 125 328 sint
137 294 209 336 aliquid
221 294 272 328 reale
284 293 304 327 in
315 293 359 328 illis.

152 368 249 400 Rrsroxnro
257 378 336 399 maammu
344 368 396 409 quod
405 377 484 400 neeesse
492 371 522 401 est
529 368 592 401 dicere
601 369 643 401 dari
649 369 724 410 aliquas
731 368 841 408 relationes,

86 429 135 464 quae
147 423 192 454 sunt
201 420 274 465 aliquid
283 421 334 454 reale
342 423 397 454 extra
405 420 494 454 animam.
513 421 543 454 Ad
552 421 606 454 cuius
614 421 731 455 evidentiam
741 420 842 454 sciendum

86 481 120 518 est,
133 477 185 520 [ruod
195 477 257 511 solum
266 477 286 510 in
295 476 330 519 his,
343 486 392 520 quae
401 476 491 511 dicuntur
500 477 528 511 ad
538 476 623 520 aliquid,
636 476 763 511 inveniuntur·
771 476 841 520 aliqua,

86 540 136 572 quae
147 535 192 563 sunt
199 534 275 563 tantum
284 532 390 564 seeundum
398 531 498 571 rationem,
511 534 529 564 et
538 531 607 572 aliquay
619 541 668 573 quae
679 534 724 564 sunt
734 532 841 564 seeundum

86 592 133 616 rem.
154 583 210 621 Quod
218 592 257 616 non
265 583 322 615 estin
334 583 377 615 aliis
389 583 503 624 generibus;
516 593 561 615 nam
573 583 609 615 alia
621 593 697 625 genera,
709 587 731 616 ut
742 584 841 625 quantitas

86 639 105 671 et
119 635 207 681 qualitas,
223 636 330 671 secundum
344 636 445 681 propriam
460 636 555 671 rationem
571 636 682 680 significant
697 636 769 681 aliquid
785 636 841 670 alioui

86 692 194 727 inhaerens.
215 694 243 727 Ea
254 703 306 735 vero,
319 703 368 736 quae
380 692 470 727 dieantur
482 693 507 726 ad
519 692 596 735 aliquid,
610 693 720 736 significant
731 694 841 728 serrandum

85 747 194 788 proprium
202 748 303 780 rationem
313 747 376 780 solum
383 750 494 788 respectum
504 748 528 779 ad
537 746 594 779 aliud.
607 747 644 785 Qui
652 748 731 788 quidem
739 751 841 789 respectus

87 798 200 839 aliquando
209 803 239 831 est
246 801 321 832 tantum
329 799 349 831 in
357 799 400 840 ipsa
408 799 563 840 apprehensione
568 799 649 832 rationis
656 799 773 832 conferentis
780 809 841 832 unum

87 851 147 887 alteri.
171 852 195 887 Et
207 855 249 888 tum
261 854 291 888 est
303 852 376 888 relatio
389 851 477 887 rationis
490 854 548 887 tutata
556 862 573 897 a,
590 855 611 887 ut
626 862 669 887 oum
681 852 731 887 ratIo
744 851 842 896 componit

86 909 184 943 hominem
202 909 279 942 animali
293 912 315 943 ut
330 908 413 952 speeiem
432 908 503 951 generi.
526 908 644 952 Aliquando
660 919 708 943 vero
723 912 753 943 est
767 908 787 942 111
798 908 842 951 ipsa

86 972 153 995 rerum
165 966 240 1003 natura,
255 966 276 995 ut
291 964 369 1004 quando
383 963 458 1004 aliquae
473 972 505 995 res
520 963 545 995 ad
559 963 642 996 invicem
657 963 773 995 ordinantur
784 966 803 996 et
814 963 842 995 in-

87 1014 208 1048 clinationem
220 1015 292 1048 hahent
302 1015 333 1048 vel
342 1016 448 1048 seeundum
457 1015 584 1057 quantitatem
592 1016 624 1047 vel
633 1016 739 1048 seeundum
749 1015 842 1047 virtutem

87 1067 169 1104 activam
181 1072 200 1104 et
211 1068 316 1113 passivam.
340 1069 365 1104 Et
376 1068 491 1104 huiusmodi
501 1069 610 1104 relationes
625 1071 701 1113 oportet
713 1077 756 1103 esse
771 1069 841 1103 reales.

137 1150 139 1152 >
153 1136 209 1175 Quod
221 1136 344 1170 manifestum
358 1139 388 1170 est
396 1137 470 1179 priato,
484 1137 530 1178 quia
541 1136 592 1170 iuter
600 1136 717 1179 principium
726 1139 744 1170 et
752 1146 779 1177 ea,
792 1146 842 1178 quae

88 1193 134 1221 sunt
146 1199 156 1221 a
168 1190 268 1230 principio,
284 1193 313 1222 est
325 1190 392 1222 relatio
404 1190 461 1222 realis
474 1193 515 1222 tum
528 1190 619 1231 eripiaris,
637 1193 659 1222 ut
673 1192 726 1231 patet
737 1190 757 1221 in
769 1189 842 1222 divinis

87 1244 105 1274 et
117 1241 191 1283 creatis,
204 1244 245 1275 tunt
257 1242 385 1283 (liversitutis,
399 1245 421 1275 ut
432 1245 485 1283 patet
495 1242 515 1274 in
524 1242 598 1282 creatisy
611 1242 656 1283 quia
664 1244 741 1283 oportet
750 1241 841 1274 effectum

88 1305 167 1331 aoausa
182 1295 281 1342 distingui,
298 1306 341 1332 eum
353 1295 407 1332 nihil
422 1296 448 1332 sit
464 1306 526 1332 arroso
540 1296 573 1331 sui
587 1295 658 1340 ipsias.
682 1295 779 1339 Samiario,
796 1294 842 1340 quia

87 1362 119 1385 res
133 1354 250 1387 arcaturudem
270 1353 358 1387 ordinem
377 1353 401 1387 ad
420 1353 492 1396 aliquid
510 1354 604 1386 habentes
619 1352 696 1386 realiter
712 1353 736 1386 ad
750 1352 798 1386 illud
813 1361 843 1385 re-

86 1406 182 1438 feruntur.
206 1407 261 1439 Unde
272 1415 351 1439 neeesse
366 1409 400 1446 est,
416 1407 468 1447 quod
482 1406 502 1438 111
518 1406 556 1438 illis
571 1406 638 1438 relatio
656 1407 681 1438 sit
698 1406 762 1447 aliqua
778 1406 842 1438 resin

87 1467 154 1490 rerum
165 1460 239 1491 natura,
263 1458 288 1490 Ut
299 1460 352 1499 patet
363 1458 383 1489 in
395 1467 476 1499 corpore
489 1458 549 1499 gravi,
561 1458 582 1489 in
594 1467 638 1499 quo,
650 1458 695 1499 quia
707 1461 736 1490 est
748 1457 842 1490 naturalis

87 1510 185 1547 inclinatio
193 1515 212 1547 et
220 1512 268 1548 ordo
277 1512 301 1548 ad
310 1512 374 1548 laeum
386 1511 477 1556 medium,
489 1514 519 1547 est
531 1511 609 1556 quidam
622 1514 723 1555 respectus
732 1510 795 1554 realis,
807 1520 843 1554 per

88 1577 146 1610 quem
158 1569 234 1602 realiter
246 1569 331 1602 refertur
346 1569 371 1602 ad
385 1569 449 1603 loeum
464 1569 558 1609 mediunu
575 1571 593 1602 et
608 1568 696 1602 similiter
712 1572 741 1602 est
756 1570 780 1602 de
794 1569 842 1603 aliis.

89 1622 158 1662 Tertio,
175 1623 220 1663 quia
236 1626 282 1655 tuno
296 1626 397 1663 respectus
412 1625 442 1655 est
454 1623 518 1664 aliqua
529 1632 561 1654 res
573 1622 636 1660 realis,
652 1623 730 1663 quando
743 1624 844 1656 taciturum·
880 1617 882 1620 ¹

89 1682 147 1713 snper
159 1673 223 1715 aliqua
232 1684 253 1706 re
264 1675 311 1706 reali
324 1684 358 1706 seu
366 1675 444 1715 quando
453 1684 521 1715 catasta,
534 1684 569 1714 per
580 1684 639 1715 quam
647 1684 686 1706 una
694 1684 726 1707 res
734 1676 843 1707 naturalem

88 1726 176 1761 ordinem
188 1727 246 1762 habet
258 1727 282 1762 ad
294 1727 356 1772 aliam,
369 1729 398 1762 est
410 1736 442 1762 res
454 1726 517 1762 realis.
537 1727 574 1762 Sed
587 1727 658 1761 dantur
670 1727 729 1770 aliqui
741 1730 842 1771 respectus

88 1784 205 1826 huiusmodi7
220 1788 241 1818 ut
255 1784 289 1827 qui
303 1785 411 1818 fundantur
427 1795 485 1827 super
501 1785 613 1827 quantitate
629 1783 702 1818 actione
717 1787 735 1818 et
746 1785 842 1827 passione,

88 1841 135 1879 puta
149 1839 260 1880 aequalitas,
275 1839 381 1880 paternitas
396 1842 415 1872 et
430 1839 507 1872 similes.
532 1839 556 1871 Et
572 1839 599 1872 sio
613 1838 737 1872 manifestum
751 1842 785 1878 est,
800 1839 843 1872 dari

88 1891 191 1923 relationes
203 1892 270 1922 reales
722 1885 724 1889 ”

154 1942 184 1975 Ad
192 1943 228 1976 hoo
236 1942 301 1986 igitur,
310 1945 332 1976 ut
339 1942 406 1976 relatio
417 1942 441 1976 sit
450 1942 512 1985 realis,
525 1943 565 1976 duo
574 1943 710 1985 requiramtar,
720 1945 767 1985 puta
775 1943 844 1976 funda-

88 2002 175 2034 mentum
186 1999 242 2043 reale,
254 2002 275 2034 ut
284 1999 356 2034 dietum
364 2001 398 2042 est,
411 2002 429 2034 et
437 1998 538 2034 terminus.
559 1998 596 2040 Qui
605 1998 702 2035 terruimus
707 1999 777 2043 primo
786 2000 844 2035 debet

89 2064 132 2088 esse
144 2065 178 2088 ens
190 2055 246 2096 reale,
259 2055 390 2097 quianullum
403 2065 437 2088 ens
450 2057 535 2088 creatum
547 2055 605 2088 habet
617 2055 706 2088 ordinem
718 2056 742 2088 ad
754 2065 794 2088 non
803 2065 843 2089 ens.

89 2108 180 2140 Seeamdo
193 2109 250 2140 debet
261 2117 304 2140 esse
312 2117 347 2140 ens
355 2109 406 2141 reale
415 2110 462 2140 aeta
469 2108 560 2147 existens
572 2108 599 2140 ita
610 2111 679 2141 utnon
688 2109 777 2146 suffioiat,
790 2110 843 2149 quod

90 2158 114 2191 sit
126 2168 160 2192 ens
172 2159 274 2200 possibile;
290 2159 335 2201 quia
350 2169 408 2192 eausa
422 2159 521 2192 relationis
536 2159 594 2192 realis
608 2162 638 2192 est
653 2160 725 2201 aliquid
737 2160 788 2192 reale
800 2163 844 2192 actu

89 2212 174 2249 existens
189 2213 209 2249 in
221 2216 304 2259 utroque
319 2217 412 2250 extremo.
436 2213 500 2250 Tertio
516 2213 573 2249 debet
589 2223 632 2249 esse
646 2213 724 2249 realiter
739 2214 843 2250 distinctus

89 2271 113 2304 ab
125 2271 185 2304 altero
198 2274 294 2312 extremo5
309 2281 354 2304 nam
369 2271 456 2305 eiusdem
471 2272 496 2304 ad
511 2281 531 2304 se
546 2270 611 2312 ipsum
626 2281 666 2305 non
681 2275 745 2314 potest
760 2282 803 2306 esse
815 2282 844 2306 re-

88 2324 134 2357 latio
146 2324 208 2357 realis.

154 2398 180 2429 An
193 2407 253 2429 1111111111
265 2408 307 2429 runo
319 2408 398 2429 urrunnun
410 2399 463 2440 quod
475 2398 542 2430 relatio
555 2402 584 2431 est
596 2399 669 2440 aliquid
682 2400 788 2431 seeundum
801 2408 844 2432 esse

90 2462 152 2496 suum,
165 2451 217 2497 quod
230 2451 287 2488 habet
295 2452 314 2488 in
324 2452 415 2489 subiecto.
436 2452 473 2489 Sed
483 2451 589 2488 seeundum
601 2452 696 2488 rationem
709 2462 754 2488 suae
763 2452 844 2497 quideli-

90 2508 138 2542 tatis
147 2518 185 2542 non
194 2510 256 2551 habet,
265 2511 318 2552 quod
328 2510 353 2544 sit
361 2511 439 2552 aliquid,
452 2511 486 2544 sed
496 2511 564 2552 solum,
577 2511 629 2552 quod
639 2511 666 2543 ad
674 2510 734 2544 aliud
742 2511 844 2546 referatur.

90 2563 115 2595 Et
125 2562 169 2595 ideo
181 2564 287 2596 seeundum
299 2564 394 2596 rationem
407 2574 462 2597 suam
474 2574 513 2596 non
525 2564 579 2605 pouit
591 2564 664 2605 aliquid
676 2564 695 2596 in
707 2564 799 2598 subiecto.
820 2566 845 2598 Et

89 2616 126 2646 hoe
137 2615 199 2646 voluit
211 2615 308 2656 Boethius7
321 2625 365 2647 oum
378 2616 431 2656 dixit,
444 2617 496 2657 qnod
509 2616 589 2648 relatiua
601 2617 649 2647 nihil
660 2617 773 2656 praedicant
785 2619 808 2650 de
817 2628 845 2658 eo,

89 2668 113 2702 de
125 2677 163 2713 quo
176 2667 272 2703 dicuntur.
