1846 3062
385 173 491 215 ouansno
503 174 518 206 11
803 164 828 202 Si

142 273 224 315 Qctorto,
240 273 265 306 ad
277 273 439 315 cognoscendum,
454 275 521 305 utrum
533 272 614 306 relativa
625 272 667 306 sict
678 272 740 305 cimici
752 274 829 306 1111111111

75 328 106 362 vel
118 337 162 370 non,
174 337 213 361 non
222 329 298 369 oportet
307 327 430 361 considerare
438 326 527 360 ordinem
536 336 608 368 rerum,
621 326 644 360 de
653 326 724 369 quibus
733 325 829 364 dicuntur,

75 382 109 416 sed
122 381 273 424 significationes
285 381 374 423 ipsorum
386 380 518 414 relativorum.
542 380 562 414 Si
577 381 628 414 enim
643 390 704 414 unum
719 379 739 413 in
755 390 790 413 suo
802 380 830 413 in-

75 436 151 470 tellectu
163 435 234 469 claudit
246 435 297 469 aliud
309 438 328 469 et
340 445 350 468 1
362 444 462 477 converso,
476 437 521 468 sunt
533 434 591 469 simul
602 438 676 477 natura,
689 434 738 469 sicut
748 434 830 476 duplum

75 493 94 524 et
102 489 209 532 dimidium,
218 493 273 533 pater
281 492 299 524 et
308 490 366 532 filius,
375 492 394 524 et
403 490 477 523 similia.
496 489 516 523 Si
525 492 589 523 autem
596 499 658 523 unum
665 490 686 522 in
695 489 725 523 sui
732 489 830 524 intellectu

75 544 146 578 claudit
158 544 215 585 aliud,
228 545 262 579 sed
274 554 314 578 non
325 554 335 578 1
347 553 448 586 converso,
460 546 506 578 tunc
517 553 556 578 non
569 547 614 577 sunt
626 544 683 578 simul
693 546 768 586 natura,
781 544 830 578 sicut

76 599 155 632 seientia
167 601 185 632 et
198 599 268 633 scibile.
287 600 335 633 Nam
348 598 414 633 scibile
426 598 497 632 dicitur
509 599 616 632 secundum
627 598 738 641 potentiam,
752 599 830 633 seientia

75 656 140 686 autem
153 653 259 687 secundum
271 653 359 687 habitum
368 653 399 687 vel
407 655 476 687 aetum.
496 653 551 687 Unde
560 653 626 686 scibile
635 654 741 687 seeundum
750 654 829 687 modum

76 716 122 740 suae
131 706 278 749 significationis
287 707 401 750 praeexistit
409 707 504 740 scientiae.
525 706 620 746 Quoniam
628 717 675 741 vero
683 707 769 747 relativa,
781 716 831 750 quae

76 770 97 794 se
112 763 180 794 mutuo
194 761 214 794 in
230 762 260 795 5111
274 761 371 794 intellectu
389 761 486 801 claudunt,
504 763 550 794 sunt
565 761 646 795 relativa
663 762 769 795 secundum
781 770 831 803 esse,

76 824 126 857 quae
138 824 185 848 vero
197 825 236 848 uon
252 825 272 849 51
287 815 383 856 claudunt,
399 817 445 848 sunt
459 815 540 849 relativa
556 815 663 849 secundum
678 815 720 856 dici,
735 815 779 848 ideo
793 815 830 855 illa,

76 878 116 901 non
127 869 174 902 haee
187 872 232 902 sunt
245 869 302 902 simul
314 871 389 902 natura.

144 921 223 963 Qrcioto,
239 921 342 963 proprium
357 921 484 955 relativorum
497 922 603 955 secundum
615 931 658 955 esse
670 925 704 963 est,
719 922 832 964 11111111ίί1-

76 975 135 1008 finita
146 976 203 1008 11111111
214 984 282 1016 tartara,
296 975 379 1008 cleftntfe
391 977 462 1009 noscat
473 977 492 1008 at
504 975 597 1008 alteram.
618 975 697 1008 sienim
706 975 793 1009 definitio
802 978 832 1008 est

76 1028 138 1061 oratio
150 1028 200 1070 quat
212 1031 291 1062 estesse
303 1028 333 1062 rat
344 1027 462 1070 significans,
478 1028 502 1061 ad
515 1037 557 1061 esse
569 1031 634 1061 autem
645 1028 704 1062 unius
716 1028 792 1062 relativi
804 1038 833 1062 re-

77 1081 162 1124 quiritur
169 1081 279 1115 neeessario
288 1081 429 1123 correlativum,
442 1084 523 1123 oportet,
533 1084 559 1123 ut,
572 1082 605 1123 qui
614 1082 713 1124 cognoscit
721 1091 764 1115 esse
773 1082 832 1115 unius

77 1135 159 1177 relativi,
171 1138 275 1179 cognoscat
287 1138 305 1170 et
317 1145 360 1170 esse
373 1135 403 1170 sui
415 1135 530 1170 correlativi.

143 1190 198 1223 Unde
207 1191 332 1224 manifestum
341 1193 375 1231 est,
387 1193 439 1224 recte
447 1190 528 1224 fuissea
539 1191 656 1232 Philosopho
666 1191 776 1233 assignatas
788 1200 832 1233 pro-

79 1244 171 1287 prietates
183 1245 315 1279 relativorum.

143 1322 169 1355 Aa
181 1332 296 1354 11111111111111
308 1333 327 1354 nr
339 1332 359 1354 111
372 1332 454 1354 sncmnvu
465 1324 531 1364 patent
544 1321 650 1356 solutiones
662 1332 686 1356 ex
698 1321 760 1356 dictis.

142 1377 168 1410 An
183 1387 253 1408 nrnnun
266 1387 346 1409 mccnnvn
360 1377 412 1419 quod
429 1386 486 1410 causa
502 1379 521 1410 et
535 1379 635 1410 causatum
651 1377 739 1411 absolute
754 1379 833 1419 sumpta

77 1441 117 1465 non
130 1434 175 1465 sunt
187 1431 245 1465 simul
256 1435 331 1473 natura,
343 1431 389 1474 quia
400 1441 458 1465 causa
466 1433 496 1465 est
504 1430 559 1474 prior
567 1434 645 1465 1111111111
654 1431 729 1465 effectu.
751 1431 833 1474 Sumpta

77 1495 125 1519 vero
137 1485 221 1527 relative,
234 1488 280 1519 sunt
292 1485 350 1519 simul
361 1488 435 1525 natura,
449 1485 465 1519 si
475 1488 577 1519 sumantur
589 1485 612 1519 io
624 1487 676 1519 111111.

143 1540 170 1574 aa
182 1550 258 1579 ouanrun
269 1551 348 1573 nicanora
360 1540 413 1583 quod
425 1540 483 1574 Beata
494 1540 554 1583 Virgo
566 1542 596 1574 est
608 1540 670 1574 Mater
683 1539 755 1574 Christi
767 1542 786 1573 11
798 1540 833 1573 Dei

77 1596 96 1626 11
107 1597 129 1627 ut
141 1598 202 1628 mater
214 1594 308 1628 definitur
319 1604 354 1637 per
366 1594 454 1628 ordinem
466 1595 491 1628 ad
503 1594 538 1628 Dei
550 1594 626 1628 Filium.
645 1595 717 1628 Verum
728 1594 789 1628 Filius
798 1595 834 1628 Dei

78 1658 117 1682 non
129 1651 159 1682 est
167 1658 227 1691 capax
236 1649 335 1682 relationis
343 1648 401 1682 realis
410 1648 529 1691 temporalis.
548 1649 597 1682 Nam
606 1648 694 1682 divinum
703 1648 832 1691 suppositum,

78 1703 131 1745 quod
143 1706 173 1737 est
184 1703 263 1746 proprie
276 1703 384 1737 subiectum
395 1703 500 1744 filiationis,
513 1702 573 1737 estin
585 1702 617 1737 illo
629 1703 741 1745 increatum,
754 1703 803 1737 sieut
815 1705 834 1737 11

78 1757 120 1799 ipse
132 1757 193 1791 Filius
206 1757 246 1791 Dei.
266 1758 322 1791 Unde
333 1758 353 1791 iu
365 1757 400 1791 Dei
412 1757 460 1791 Filio
473 1767 512 1791 non
524 1760 553 1791 est
564 1757 632 1791 filiatio
644 1757 702 1792 realis
715 1757 833 1800 temporalis,

79 1811 113 1844 sed
129 1813 158 1844 est
170 1814 245 1845 tantum
254 1814 344 1854 respectu
353 1811 434 1845 rationis
443 1812 467 1845 ad
476 1814 563 1853 matrem,
576 1822 694 1854 quamquam
703 1821 749 1845 vere
758 1812 833 1854 dicitur,

78 1865 131 1906 quod
143 1865 204 1898 Filius
219 1864 254 1898 Dei
269 1868 298 1898 est
312 1865 389 1899 realiter
403 1865 456 1898 filius
471 1865 563 1907 Virginis,
580 1868 621 1899 tum
634 1876 658 1899 ex
669 1865 715 1899 reali
728 1865 833 1908 nativitate,

78 1921 120 1952 tuin
132 1929 156 1952 ex
168 1918 215 1952 reali
227 1918 319 1952 relatione
330 1919 459 1952 maternitatis
471 1919 496 1952 ad
509 1919 615 1953 Christum.
666 1955 669 1959 ⁴

358 2057 554 2089 wlff*-

306 2204 468 2250 QUAESTIO
485 2204 612 2244 DECIMA

221 2306 255 2339 DE
269 2305 391 2344 RELIQUIS
405 2305 454 2340 SEX
466 2305 695 2340 PRAEDIGAMENTIS

339 2405 356 2426 ln
367 2404 408 2427 Duos
420 2404 507 2427 camoenas
518 2404 573 2425 minsa

154 2546 208 2581 Circa
220 2556 269 2589 qnae
281 2550 402 2589 quaeruntur
415 2548 459 2581 duo.

180 2600 255 2633 Primo:
268 2601 291 2634 de
303 2601 463 2643 praedicamentis
475 2601 555 2634 actionis
564 2603 583 2634 et
590 2601 694 2642 passionis,
706 2602 790 2643 quando,
802 2602 837 2636 ubi

208 2658 226 2688 et
239 2654 293 2689 situs.

179 2710 277 2743 Secundo:
290 2710 313 2743 de
325 2710 481 2752 praedicamento
493 2708 576 2742 habitus.

113 2773 138 2798 En
142 2773 200 2805 glert,
210 2773 260 2798 Prima
268 2773 305 2798 Pars
314 2774 369 2800 summ.
379 2773 434 2799 Philon
444 2774 459 2799 S.
468 2773 519 2798 Tliom.
528 2772 556 2803 Aq,

81 2490 187 2534 rinna
199 2491 363 2526 considerandum
375 2495 404 2527 est
416 2493 440 2527 de
453 2502 487 2526 sex
498 2491 579 2535 reliquis
591 2492 758 2534 praedicamentis,

80 2541 95 2554 x
