1846 3062
231 177 338 218 QUAESTIO
349 178 402 210 XXXI
423 177 546 210 ARTICULUS
557 177 580 209 ΠΙ
745 166 784 203 225

95 276 193 309 Resrornrc
201 285 281 307 urceunuu
289 275 342 317 quod
350 274 461 318 dupliciter
469 274 539 308 dicitur
545 274 618 317 aliquid
625 272 681 307 alicui
688 272 784 306 naturale:

30 340 70 364 iiico
85 330 141 363 modo
156 330 237 362 ratione
249 329 357 372 principii,
373 329 419 372 quia
434 338 460 363 sc.
475 331 505 363 est
521 329 628 363 secundum
641 326 786 361 inclinationem

28 386 110 417 neutrae
122 382 260 425 reduciturque
272 383 292 416 in
304 383 357 416 illam
369 385 469 425 tamquam
480 383 501 416 in
512 383 598 425 primum
614 381 737 424 principium.
761 380 786 413 Et

30 439 67 471 troc
81 437 139 470 modo
154 436 252 480 appetitus
270 436 344 470 elicitus
362 436 447 470 hominis
464 446 511 479 erga
527 436 626 470 scientiam
644 439 674 469 est
691 434 785 468 naturalis

30 490 109 524 honuni.
134 491 169 524 Est
181 491 232 524 enim
245 491 351 524 secundum
366 490 509 524 inclinationem
523 490 631 524 intellectus
646 493 665 523 et
679 488 785 523 voluntatis

31 545 139 578 naturalem
150 547 169 578 et
181 544 281 578 reducitur
292 545 312 578 in
323 544 386 587 ipsam
399 544 482 578 anutium
495 547 595 587 tamquam
607 543 627 577 in
639 543 725 586 primum
734 542 786 584 prin·

28 598 108 640 cipium,
123 608 167 632 cum
183 598 262 631 scientia
277 598 302 632 sit
316 598 357 632 eius
372 598 456 632 mediata
470 598 563 640 perfectio
578 598 602 631 ab
617 598 660 639 ipsa
672 596 787 630 naturaliter

31 652 121 694 appetita.
145 652 241 694 Secunde,
255 653 336 686 ratione
347 652 403 686 modi
415 652 495 694 oqercdi,
511 654 558 694 puta
570 661 614 685 oum
626 650 786 685 determinatione

32 715 67 739 seu
74 706 189 740 necessario.
204 705 320 749 Dupliciter
329 705 380 739 enim
387 706 477 740 voluntas
484 706 509 739 ad
515 705 588 748 aliquid
596 705 745 739 determinatur:
756 705 787 738 cel

30 759 139 793 :secundum
151 759 264 793 exercitium
276 761 336 801 actus,
348 759 394 802 quia
404 760 497 793 nimirum
510 762 574 802 potest
586 759 634 792 illud
646 768 703 802 agere
716 762 734 792 et
746 768 786 792 non

32 823 95 856 agere,
108 815 139 848 ccl
151 814 256 848 secundum
269 813 432 856 specificationem
444 816 503 856 actus,
516 823 565 856 quae
577 816 607 847 est
618 822 643 846 ex
650 812 729 854 obiecto,
742 812 788 854 quia

31 877 59 901 sc.
70 867 97 901 ita
109 868 250 901 determinatur
262 868 287 901 ad
299 867 377 910 aliquid,
389 870 461 901 utnon
473 867 537 910 possit
547 867 567 900 in
580 866 621 900 eius
634 866 752 909 oppositum.

99 922 171 955 Neutro
183 924 247 955 autem
259 922 318 955 modo
330 922 421 956 voluutas
433 921 520 964 appetitu
535 921 597 955 elicito
612 920 696 954 naturali
711 930 746 954 seu
757 929 788 954 ue·

30 974 118 1009 cessario
137 974 210 1018 appetit
230 975 334 1009 scientiam.
363 976 405 1009 Non
426 975 505 1018 quidem
519 975 594 1018 priori.
623 975 673 1008 Nem
690 983 712 1007 eo
730 974 788 1007 modo

33 1028 124 1062 voluntas
139 1028 159 1062 in
171 1029 246 1062 nullum
262 1029 358 1063 obiectum
373 1027 440 1062 tendit.
463 1028 516 1062 Sicut
531 1028 582 1062 enini
597 1028 667 1070 aliquis
683 1030 748 1070 potest
765 1028 788 1061 de

32 1091 157 1125 quocumque
169 1082 243 1116 obiecto
255 1092 294 1116 uon
306 1082 396 1125 cogitare,
411 1082 437 1116 ita
453 1085 472 1116 et
486 1085 551 1125 potest
565 1085 609 1115 actu
624 1092 663 1115 non
675 1082 724 1115 velle
735 1081 788 1115 illud.

33 1136 101 1178 Neque
112 1136 224 1178 posteriori
238 1137 301 1177 modo,
317 1136 361 1178 quia
377 1137 468 1170 voluntas
484 1138 560 1169 tantum
574 1138 666 1170 movetur
679 1135 790 1169 necessario

34 1190 99 1231 quoad
111 1189 274 1231 specificationein
286 1191 310 1224 ab
322 1190 396 1224 obiecto
409 1190 446 1224 sibi
458 1190 612 1233 proportionum,
628 1200 639 1223 a
654 1200 693 1232 quo
708 1199 733 1223 sc.
749 1188 790 1222 viu-

32 1242 84 1276 citur
101 1243 143 1277 eius
158 1244 278 1286 possibilitas
293 1244 348 1287 eique
363 1244 452 1277 redditur
467 1244 551 1277 subtecto
566 1244 658 1286 quodque
674 1246 704 1278 est
721 1243 790 1277 funda-

35 1300 122 1330 mentum
133 1297 237 1339 immobile,
251 1307 309 1340 super
322 1307 360 1340 quo
369 1298 464 1331 tundatur
472 1298 535 1332 omnis
544 1297 611 1331 volitio
620 1297 698 1332 mobilis
707 1298 789 1331 aliorum
800 1290 802 1293 ”

34 1350 181 1393 particularium
191 1351 301 1386 volitorum.
315 1351 429 1386 Cuiusmodi
437 1355 466 1385 est
473 1352 588 1386 iiiiiuersole
598 1353 672 1386 bocctun
680 1352 790 1386 secuudum

35 1414 114 1439 criticam
126 1406 309 1440 cousiderutioueru
322 1406 396 1440 tonitru
408 1408 467 1449 utque
480 1407 591 1448 perfectum
607 1406 686 1447 bocctun,
702 1405 757 1439 uiliit
773 1406 791 1440 ei

1 1489 4 1500 ,7
34 1459 141 1493 tiedricus:
153 1462 174 1492 ut
186 1463 216 1492 est
227 1459 332 1493 beatitudo.

101 1513 144 1546 Non
159 1515 223 1547 autem
238 1514 265 1547 sio
280 1516 310 1547 est
327 1513 411 1547 scientia.
434 1514 483 1547 Nam
501 1523 545 1547 cum
562 1513 609 1547 haec
624 1513 649 1547 sit
661 1513 791 1556 particulare

36 1567 115 1608 bonum,
123 1568 181 1601 habet
189 1567 301 1601 adiunctum
310 1567 407 1601 deiectum
415 1567 555 1609 cuiuscumque
564 1567 644 1601 alterins
653 1567 704 1609 boni,
716 1567 791 1601 ratione

34 1620 91 1654 cuius
106 1621 173 1664 nequit
188 1621 267 1655 scientia
282 1621 360 1655 omuino
377 1631 470 1664 superare
484 1621 590 1664 potentiam
607 1621 722 1655 voluntatis:
739 1622 791 1664 quod

36 1677 101 1708 tamen
115 1676 225 1709 necessario
240 1675 347 1718 requiritur
362 1676 439 1717 adhoc,
455 1676 544 1709 utillum
559 1675 669 1709 necessario
684 1676 791 1709 secundum

35 1728 199 1770 specificatiouem
214 1733 296 1764 moveat.
320 1730 345 1763 Εῖ
360 1733 500 1773 cousequenter
515 1733 579 1773 potest
593 1730 684 1764 voluntas
699 1730 751 1763 illam
763 1739 792 1763 re-

36 1782 123 1825 pudiare
131 1782 180 1817 sicut
186 1786 205 1817 et
211 1785 326 1826 approbare,
333 1787 429 1827 quatenus
436 1787 465 1818 est
472 1786 545 1819 bonum
552 1785 651 1827 quoddam
655 1796 660 1826 ;
668 1787 734 1827 potest
740 1784 791 1818 eninr

35 1837 57 1870 in
66 1838 118 1871 idem
125 1838 174 1871 ferri
182 1839 292 1872 seecundum
301 1839 391 1873 diuersos
400 1838 576 1873 considerationes.
595 1839 620 1872 Et
630 1839 657 1872 sic
666 1838 791 1872 manifestum

35 1894 72 1933 cst,
84 1892 137 1934 quod
149 1893 239 1927 voluntas
251 1902 291 1927 non
300 1893 373 1935 appetit
383 1893 482 1927 scientiam
490 1893 577 1936 appetitu
586 1892 649 1927 elicito
656 1892 745 1934 naturali,
758 1894 792 1927 sed

37 1945 104 1986 libero,
113 1946 130 1980 si
138 1947 217 1980 modum
226 1947 296 1989 agendi
304 1947 409 1982 voluntatis
419 1950 534 1991 spectemus.
550 1948 629 1991 Appetit
636 1950 701 1982 autem
709 1947 793 1981 naturali

38 1999 105 2042 elicito,
118 2000 134 2034 si
147 2004 257 2044 spectemus
266 2002 374 2036 naturalem
381 2002 525 2036 inclinationem
533 2002 596 2045 ipsius
604 2003 729 2045 primumque
741 2001 794 2044 prin-

3 2073 4 2081 ι
38 2054 110 2096 cipium
122 2055 165 2089 talis
177 2056 284 2099 appetitus:
297 2057 349 2100 quod
362 2059 391 2091 est
402 2059 477 2099 tratura,
490 2060 536 2100 puta
548 2057 618 2091 anima.

104 2122 130 2154 Ac
136 2131 199 2154 runnu
204 2132 246 2154 nucu
253 2133 333 2155 urrunnun
339 2123 392 2165 quod
398 2122 471 2157 veritas
478 2122 589 2166 dupliciter
594 2125 660 2165 potest
665 2122 793 2156 considerari:

37 2183 79 2208 uim
88 2176 146 2210 modo
155 2177 264 2211 secuudum
275 2188 295 2211 se
307 2177 379 2220 ipsein.
397 2178 422 2211 Et
428 2178 464 2212 hoe
472 2178 530 2211 niodo
537 2177 618 2221 quilibet
624 2180 676 2211 uniret
682 2177 793 2216 ueritatem

37 2228 119 2270 quilibet
134 2230 185 2264 euim
200 2231 330 2274 cognitionem
345 2232 433 2266 veritatis
451 2232 554 2273 desiderat,
571 2242 621 2275 quae
637 2235 667 2266 est
681 2231 744 2274 ipsius
760 2230 794 2265 Dei

38 2283 166 2327 participatio.
189 2285 236 2320 nito
252 2287 310 2320 modo
326 2287 436 2321 secuudum
454 2287 543 2321 effectetur
558 2297 621 2329 sititur,
642 2287 676 2330 qui
690 2289 720 2319 est
735 2285 795 2318 innui-

37 2336 116 2372 iestare.
140 2340 165 2372 Et
176 2343 270 2383 quantum
286 2341 310 2374 ad
325 2341 362 2374 hcc
377 2340 447 2384 aliquis
462 2341 503 2375 odit
518 2341 625 2383 veritatem,
640 2341 756 2384 inquantum
769 2349 795 2373 sc.

39 2391 112 2426 veritas
130 2394 241 2429 nianiiestat
258 2394 300 2429 eius
317 2395 444 2438 iniquitatem,
466 2406 524 2439 quam
542 2396 602 2430 latere
619 2396 701 2429 uolebat.
725 2394 750 2427 ut
768 2393 795 2428 sic

39 2445 112 2481 veritas
121 2447 208 2491 diligitur
217 2452 239 2483 ut
247 2450 375 2492 mmstestata,
384 2450 428 2484 odio
435 2453 500 2484 cirtem
506 2451 589 2484 liabetur
596 2453 617 2484 ut
623 2449 756 2483 uranuestans.
771 2448 795 2481 Et

39 2499 76 2533 hcc
93 2502 135 2536 vult
150 2503 171 2537 D.
183 2504 306 2547 Augustinus
321 2504 405 2538 Oculess.
418 2506 443 2546 10,
460 2514 504 2539 cum
521 2505 551 2547 ait,
567 2505 620 2547 quod
634 2504 674 2538 falti
691 2503 760 2536 nolunt
777 2505 796 2535 et

5 2588 6 2592 ,
38 2553 106 2589 fallere
118 2557 191 2599 volunt,
204 2558 249 2601 quia
260 2558 354 2593 nimirum
366 2561 431 2592 aurant
442 2558 549 2601 veritatem,
562 2568 606 2593 cum
618 2568 638 2592 se
646 2558 710 2601 ipsam
718 2557 796 2592 indicat.

39 2611 59 2641 et
71 2610 154 2644 oderunt
166 2621 213 2651 eam,
226 2621 270 2645 cuni
282 2622 315 2646 eos
327 2613 370 2655 ipsa
381 2613 458 2647 indicat.

104 2665 131 2698 An
143 2675 223 2698 snemnun
233 2676 312 2699 cicmnuu
323 2668 376 2710 quod
384 2667 508 2710 particularia
520 2668 571 2701 bona
580 2676 601 2701 se
609 2667 681 2701 habent
690 2667 715 2700 ad
723 2667 796 2701 bonum
834 2686 836 2691 ·

39 2715 60 2750 in
72 2720 170 2752 communi
183 2720 232 2753 sicut
243 2721 311 2755 medic
323 2722 348 2755 ad
359 2721 425 2756 tinem.
448 2720 502 2755 Siout
517 2730 564 2764 ergo
579 2721 670 2756 uoluntas
682 2731 722 2755 non
733 2721 797 2755 fertur

73 2771 159 2803 Englert.
170 2773 219 2799 Prima
228 2774 265 2799 Pars
274 2774 330 2801 summ.
341 2774 396 2801 Philos.
405 2774 419 2801 S.
429 2774 480 2800 Tironi.
490 2775 518 2806 Aq.
711 2778 731 2810 15
