1846 3062
277 118 384 159 QUAESTIO
396 119 426 151 rh
447 119 569 152 ARTIGULUS
580 120 595 151 Π
787 110 812 148 55

59 216 123 251 divisa
135 216 248 259 formaliter,
260 218 279 250 et
290 215 333 250 ideo
345 216 410 259 aliqua
422 217 459 250 sub
470 226 509 250 uno
522 219 567 251 sunt
578 217 635 259 plura
644 216 779 259 potentialiter,
791 219 813 251 ut

59 270 181 305 differentiae
198 271 264 313 plures
280 271 317 304 sub
331 280 370 304 uno
387 280 458 313 genere
472 273 567 312 potestate
582 273 687 313 contentae,
705 270 813 313 quiaillud

59 335 122 368 genus
134 335 195 359 unum
207 328 237 359 est
248 324 345 359 divisibile
360 325 381 358 in
395 324 443 366 illas,
462 324 511 358 sicut
526 325 570 359 ideo
588 326 625 359 sub
640 325 705 367 aliquo
719 334 759 358 uno
773 334 813 358 non

59 379 169 413 continetur
180 380 219 413 ulla
231 378 337 422 pluralitas,
352 379 398 422 quia
409 378 457 412 illud
468 388 529 412 unum
541 389 580 413 non
592 382 623 414 est
634 379 654 413 in
665 379 698 413 illa
710 378 813 414 divisibile.

61 434 114 476 Ergo
127 432 249 468 divisibilitas
262 435 292 467 est
303 442 361 467 causa
373 432 490 476 pluralitatis
502 433 586 475 partium
599 433 709 476 potentialis
722 443 757 468 sen
769 433 813 467 rati-

59 487 103 521 onis
114 487 202 522 iormalis
214 487 305 530 partium.
329 487 354 521 Et
366 487 393 521 sic
405 487 530 521 manifestum
544 490 579 529 est,
593 488 646 530 quod
660 488 710 522 ratio
724 487 813 522 formalis

59 541 173 584 quantitatis
186 544 215 576 est
227 541 356 576 divisibilitas.

126 617 152 650 Α1
164 628 273 650 1111111111
284 628 326 649 anco
338 629 418 651 11111111
430 618 483 660 quod
496 617 604 651 substantia
617 617 693 651 sublata
707 618 813 661 quantitate

59 674 90 705 est
104 671 234 713 indivisibilis,
249 674 271 705 ut
285 671 331 705 dicit
343 672 474 714 Philosophus
487 673 495 705 1
508 672 566 714 Phys.
579 682 594 705 1.
606 673 621 705 3.
645 671 705 706 Cuius
717 672 766 705 ratio
778 674 813 713 est,

60 725 106 768 qnia
117 725 181 759 torma
193 725 326 760 substantialis
338 736 377 760 non
389 725 515 769 consequitur
529 725 656 768 quantitatem
671 735 706 760 nec
719 726 813 759 fundatur

59 779 80 812 in
92 779 129 813 illa.
149 779 231 822 Propria
243 790 290 823 ergo
302 780 386 814 totalitas
400 779 520 814 substantiae
532 779 640 813 continetur
648 779 784 813 indifferenter
793 779 814 812 in

59 843 122 875 parva
134 833 165 866 vel
176 844 247 877 magna
259 834 365 877 quantitate
377 837 396 868 et
408 836 437 868 est
450 834 486 867 sub
499 833 584 876 qualibet
595 836 651 876 parte
663 832 814 873 dimensionum,

62 888 98 921 sub
111 887 182 929 quibus
194 888 308 922 continetur.
329 888 384 922 Unde
396 887 505 922 necessario
517 889 574 922 debet
586 890 626 921 tota
638 887 752 926 substantia,
764 897 783 920 v.
795 897 812 929 g.

60 941 114 983 ligni,
126 951 161 983 per
172 952 192 975 se
200 952 244 976 esse
256 943 293 976 sub
306 944 346 976 tota
357 942 464 985 quantitate
475 941 523 984 ligni
535 944 554 975 et
562 942 599 975 sub
608 941 694 984 qualibet
703 941 745 975 eius
754 946 814 983 parte,

61 997 80 1028 et
91 997 132 1028 tota
143 999 213 1030 natura
225 996 275 1030 aeris
287 996 307 1029 in
319 1006 390 1040 magno
402 996 433 1030 vel
444 1005 506 1038 parvo
518 996 567 1030 adro.
588 996 613 1029 Et
624 995 668 1029 ideo
676 996 734 1029 etiam
742 1005 753 1028 a
762 996 815 1028 theo-

60 1048 111 1091 logis
120 1048 195 1091 dicitur,
204 1050 257 1092 quod
265 1049 337 1084 Christi
344 1060 415 1093 corpus
423 1053 453 1084 est
461 1052 523 1083 totum
533 1051 569 1084 sub
578 1052 618 1083 tota
626 1050 732 1092 quantitate
740 1049 814 1083 hostiae

60 1108 80 1135 et
94 1105 156 1136 totum
172 1104 209 1137 sub
224 1104 310 1146 qualibet
324 1104 365 1138 eius
381 1106 446 1147 parte;
464 1113 510 1137 nam
527 1114 598 1146 corpus
612 1103 685 1138 Christi
699 1106 729 1137 est
743 1104 763 1137 in
778 1104 815 1136 hoc

61 1156 186 1191 Sacramenta
198 1167 233 1200 per
244 1159 325 1191 modum
338 1158 457 1193 substantiae
469 1161 488 1191 et
499 1168 538 1192 non
550 1168 585 1201 per
600 1158 680 1191 modum
695 1157 814 1200 quantitatis.

61 1209 126 1248 Quare
141 1211 204 1245 omnis
219 1211 268 1245 ratio
283 1211 368 1254 partium
383 1214 402 1245 et
416 1211 503 1245 extensio
518 1215 537 1245 et
549 1213 689 1254 consequenter
701 1211 772 1245 divisio
784 1210 815 1244 vel

61 1263 185 1299 divisibilitas
197 1265 287 1300 convenit
299 1265 419 1300 substantiae
431 1265 505 1299 ratione
517 1265 636 1309 quantitatis.

374 1384 503 1391 mmmummw»

319 1491 441 1525 1111111111
453 1474 562 1524 1111111111

143 1588 207 1617 UTRUll
221 1588 324 1623 quiritans
338 1589 431 1617 Rhamma
444 1588 580 1618 DISTINGUATUR
594 1588 606 1616 l
620 1588 734 1617 eonstiterit

64 1695 102 1766 Aa
114 1694 196 1716 1111111111
207 1695 230 1717 111
242 1694 347 1717 1111111111.
366 1685 448 1719 Videtur
459 1685 512 1727 quod
524 1685 622 1728 quantitas
634 1694 674 1717 non
682 1684 815 1727 distinguatur

105 1738 182 1771 realiter
197 1748 208 1772 a
223 1738 337 1772 substantia.
361 1740 416 1778 Quod
434 1739 484 1772 enim
500 1739 598 1782 reperitur
612 1738 632 1771 in
648 1738 739 1772 omnibus
756 1738 816 1771 sensi-

62 1792 134 1825 bilibus
147 1792 260 1834 signiiicans
272 1793 308 1825 hoc
319 1792 392 1835 aliquid
404 1796 423 1826 et
433 1793 473 1826 sine
482 1803 520 1835 quo
530 1792 639 1826 substantia
647 1802 690 1825 esse
698 1802 738 1825 non
746 1794 815 1834 potest,

61 1845 82 1878 id
92 1848 121 1878 est
131 1846 244 1887 substantia,
254 1849 276 1879 ut
284 1846 354 1879 dicitur
362 1848 372 1879 4
380 1847 492 1888 Matqnbrjs.
502 1856 516 1880 c.
526 1848 541 1881 8.
561 1847 598 1880 Sed
607 1845 705 1888 quantitas
713 1848 743 1879 est
750 1845 816 1878 huius-

62 1898 121 1932 modi.
144 1899 193 1932 Nam
207 1909 251 1932 cum
262 1899 313 1932 linea
326 1899 396 1933 dicitur
409 1902 486 1942 quanta,
499 1899 620 1942 significatur
632 1908 667 1940 per
679 1899 759 1932 modum
772 1899 817 1932 sub·

64 1952 150 1986 sistentis
165 1956 223 1995 atque
237 1953 285 1986 adeo
301 1955 323 1986 ut
337 1953 373 1987 hoc
387 1953 469 1995 aliqnid;
486 1955 505 1986 et
520 1953 561 1987 sine
576 1952 683 1995 quantitate
697 1962 737 1986 non
752 1955 817 1994 potest

63 2016 177 2048 permanere
190 2006 304 2048 substantia,
316 2007 361 2049 quia
376 2008 422 2041 haec
434 2006 509 2040 ratione
520 2007 572 2041 illius
584 2006 655 2041 dicitur
666 2006 738 2040 habere
749 2009 816 2048 partes

62 2064 82 2093 et
92 2069 139 2094 ⁴esse
154 2060 263 2095 divisibilis.
286 2062 340 2104 Ergo
355 2062 452 2104 quantitas
470 2064 500 2095 est
515 2062 624 2096 substantia
642 2065 661 2096 et
675 2065 817 2105 consequenter

62 2124 102 2148 non
114 2114 241 2159 distinguitur
253 2117 277 2150 ab
289 2115 326 2149 illa.

129 2190 162 2224 San
178 2202 241 2224 coxam
255 2202 283 2223 nsr
299 2193 352 2234 quod
365 2192 386 2226 in
402 2192 527 2226 Sanctissimo
543 2193 667 2226 Sacramenta
683 2192 816 2227 Eucharistiae

63 2245 161 2287 quantitas
173 2246 234 2289 panis,
248 2246 297 2281 sicut
309 2249 327 2280 et
338 2247 413 2290 reliqua
424 2247 476 2281 illius
489 2247 593 2281 accidentia
605 2250 706 2282 remanent
719 2247 760 2281 sine
773 2248 817 2281 sub-

64 2298 135 2333 stantia
147 2301 208 2342 panis.

98 2386 99 2389 ¹
129 2376 228 2409 Rasrornno
242 2387 322 2409 nrcarnuu
337 2377 390 2420 quod
405 2376 455 2410 circa
469 2377 518 2411 hanc
530 2376 690 2419 opinionemfuit
702 2376 817 2411 1111111111-

63 2440 148 2474 quorum
160 2430 327 2473 philosophorum,
339 2430 378 2474 qui,
390 2440 434 2465 curn
442 2430 536 2472 viderent,
548 2430 613 2464 omnia
624 2430 729 2464 accidentia
737 2430 818 2464 fundari

63 2485 83 2519 in
95 2484 202 2528 quantitate
213 2487 232 2519 et
244 2484 326 2519 sublatis
338 2485 463 2529 qualitatibus
475 2484 523 2518 nihil
530 2495 631 2519 remanere
640 2485 731 2519 sensibile
739 2487 817 2528 praeter

63 2539 196 2583 quantitatem,
211 2539 308 2581 dixerunt,
323 2538 454 2574 dimensiones
469 2548 512 2573 esse
527 2539 647 2573 substantias
659 2548 731 2573 rerum.
755 2539 818 2578 Quem

64 2603 153 2629 errorem
166 2593 236 2628 refellit
251 2593 382 2636 Philosophus
394 2596 404 2629 3
416 2594 528 2637 Metaplcys.
541 2603 555 2627 1.
567 2595 583 2627 2.
607 2593 708 2633 Quantitas
723 2594 775 2628 enim
790 2603 819 2628 re-

64 2649 119 2683 aliter
131 2648 258 2692 distinguitnr
270 2658 281 2682 a
293 2648 407 2692 substantia,
418 2651 441 2683 ut
452 2650 505 2691 patet
516 2651 558 2682 tum
571 2657 635 2690 sensu,
647 2650 689 2681 tum
701 2648 782 2682 ratione.
