1846 3062
141 133 180 172 198
348 141 456 183 QUAESTIO
468 141 527 175 XXVII
549 141 671 176 ARTIGULUS
683 142 690 174 l

140 241 262 276 accidentalis
279 236 396 275 conveniens
412 240 517 284 cognitioni
532 251 556 275 ex
570 241 628 275 modo
642 243 661 275 et
675 240 772 284 qualitate.
795 241 824 283 Id,
842 242 895 284 quod

141 299 171 330 est
182 295 287 338 perfectius
302 295 407 338 posteriori
421 297 485 333 modo,
500 298 530 340 est
545 295 624 338 quidem
639 294 716 336 certius,
732 304 771 329 non
786 297 850 328 tamen
865 297 895 328 est

142 349 254 391 simpliciter
262 349 346 392 dignius.
363 350 388 382 Et
395 349 439 383 ideo
449 349 527 383 scientia
536 349 611 391 certior,
621 349 687 382 sedda
696 348 807 392 ignobiliori
815 348 894 389 obiecto,

141 405 171 436 est
182 403 303 445 saraptana·
314 402 414 436 nobilitate
425 402 506 436 inferior
518 403 555 444 illa,
570 412 619 445 quae
635 405 665 436 est
677 403 701 435 de
712 402 803 436 nobiliori
815 401 895 442 obiecto,

140 457 184 489 licet
199 456 224 489 sit
238 455 334 489 incertior.
359 455 389 487 Ex
404 464 443 497 quo
455 455 512 488 etiam
527 457 585 497 patet)
600 455 652 497 quod
668 464 722 488 sacra
737 454 825 488 doctrina
840 457 895 488 tron-

141 509 218 543 scencltt
230 517 298 542 omnes
310 507 356 541 alias
369 508 459 541 scientias
471 511 490 541 et
501 508 578 550 dignior
590 510 620 541 est
631 507 673 541 aliis
686 508 782 541 omnibns.

446 672 459 675 .,
477 659 600 690 '*‘s<9f'“''“
615 672 618 674 ,

261 829 433 875 QUAES‘I'IO
452 829 780 870 VIGESIMASEPTIMA

143 942 177 974 DE
185 942 319 975 DIVISIONE
327 941 465 975 serantina
473 942 500 974 IN
507 941 654 975 Platonicam
661 941 693 973 ΕΤ
700 940 895 975 SPECULATIVAM

403 1038 420 1057 IX
431 1037 470 1057 Titiis
482 1037 569 1058 aurientes
581 1037 635 1058 Divisa

195 1133 268 1160 osrocm
283 1123 402 1156 dictumest
417 1122 440 1156 de
455 1123 608 1165 proprietatibus
624 1122 718 1164 scientiae,
734 1122 896 1156 considerandum

146 1129 194 1251 Β
206 1179 236 1210 est
248 1177 271 1210 de
283 1175 325 1210 eins
338 1176 439 1218 multiplici
451 1175 551 1210 divisione.
576 1176 619 1210 Erit
634 1179 699 1211 autem
711 1177 757 1211 haec
769 1177 897 1212 consideratio

175 1222 177 1232 ’
207 1230 309 1275 tripartita.
332 1232 381 1265 Nam
396 1230 563 1266 considerabimus
573 1232 642 1275 primo
658 1232 681 1266 de
696 1231 792 1267 divisione
807 1232 897 1267 scientiae

144 1288 164 1321 in
175 1287 280 1330 practicam
292 1289 311 1320 et
323 1285 470 1329 speculativam3
488 1287 574 1321 sectando
587 1287 610 1321 de
622 1286 717 1321 divisione
730 1287 820 1322 scientiae
832 1297 898 1330 specu-

143 1342 214 1376 lativae
224 1342 244 1375 in
253 1340 362 1384 Physicam
374 1341 527 1383 hletaphysicam
539 1344 558 1375 et
570 1342 729 1383 hlatheniaticam
742 1344 760 1376 et
772 1342 866 1385 practicae
877 1342 898 1376 in

144 1396 227 1430 activam
239 1398 257 1430 et
268 1395 368 1436 factiva1n;
385 1396 443 1429 tertio
455 1396 479 1429 de
491 1396 586 1430 divisione
599 1396 688 1430 scientiae
700 1396 720 1429 in
733 1397 898 1430 subalternante‘m
913 1387 922 1401 ³

144 1453 163 1483 ct
175 1450 332 1484 subalternatam.

211 1503 266 1537 Circa
277 1503 362 1544 primum
375 1505 496 1544 quaeruntur
508 1502 551 1536 tria.

243 1556 318 1589 Primo:
331 1558 397 1589 utrum
411 1555 548 1588 convenienter
559 1555 658 1589 dividatur
671 1555 750 1589 scientia
761 1555 781 1589 in
793 1555 897 1597 practicam

275 1612 294 1642 et
306 1607 449 1650 speculativam.

243 1662 340 1695 Secundo:
353 1664 420 1695 utrum
432 1661 511 1695 scientia
524 1662 642 1704 speculativa
655 1661 680 1695 sit
691 1661 745 1704 prior
757 1662 846 1704 practica.

243 1715 317 1749 Tertio:
330 1718 396 1749 utrum
409 1715 499 1749 scientiae
512 1714 640 1759 speculativae
651 1715 898 1760 praeemineantpracticis.

417 1869 539 1902 laricanus
550 1869 630 1901 PRIMUS

297 1968 364 1996 ernon
379 1968 524 1997 convnnmnrnn
538 1966 643 1996 oivinlrvn
657 1967 744 1996 scierim

353 2022 374 2049 lN
388 2022 496 2050 antoninam
510 2021 533 2048 ΕΤ
548 2020 691 2048 sraotmlrivan

175 2117 185 2138 u
197 2117 258 2138 11111111
272 2117 296 2137 sn·
308 2116 413 2138 raocurnun.
436 2105 517 2138 Videtur
532 2105 585 2146 quod
600 2114 639 2138 non
651 2105 788 2138 convenienter
799 2105 899 2138 dividatur

146 2117 173 2189 Α
187 2159 266 2192 scientia
281 2158 301 2191 in
315 2159 420 2200 practicam
435 2161 454 2191 et
470 2157 614 2199 speculativam.
637 2157 687 2190 Dicit
701 2157 752 2191 enim
767 2158 898 2201 Philosophus

145 2215 153 2245 1
166 2212 240 2245 Foster.
253 2221 268 2244 c.
280 2212 295 2253 8,
307 2211 361 2253 quod
373 2210 452 2245 scientia
464 2220 503 2244 non
516 2213 545 2244 est
557 2210 581 2244 de
593 2210 748 2253 particularibus.
770 2211 808 2245 Sed
820 2211 899 2245 scientia

145 2265 228 2307 practica
237 2268 266 2298 est
275 2264 298 2298 de
306 2264 462 2307 particularibus.
483 2264 536 2307 Ergo
546 2263 624 2298 scientia
633 2264 716 2306 practica
724 2273 763 2297 non
771 2266 801 2298 est
810 2264 898 2307 scientim

145 2321 164 2353 et
172 2328 208 2362 per
216 2328 337 2361 consequens
346 2318 396 2353 rnale
404 2318 498 2353 dividitur
507 2317 586 2353 scientia
592 2317 612 2352 in
619 2318 723 2362 practicam
729 2320 748 2352 et
755 2318 899 2362 speculativam.

210 2375 225 2408 2.
238 2375 344 2414 Panamara,
358 2375 425 2409 eadem
441 2374 520 2409 scientia
535 2374 593 2408 simul
608 2377 638 2408 est
649 2374 734 2417 practica
745 2377 763 2408 et
776 2375 899 2417 speculativa,

145 2433 167 2464 ut
184 2430 294 2472 Theologia.
318 2429 355 2464 Sed
373 2430 448 2464 nullum
465 2431 576 2463 membrum
594 2428 683 2465 dividens
701 2429 779 2472 aliquod
797 2439 899 2464 commune

145 2483 234 2518 coincidit
249 2493 293 2518 cum
309 2484 346 2517 alio
361 2485 450 2518 membro
468 2484 572 2518 dividente.
596 2484 649 2526 Ergo
668 2483 746 2517 scientia
762 2483 899 2518 convenienter

145 2547 184 2572 non
196 2537 291 2572 dividitur
302 2538 322 2571 in
335 2538 439 2581 practicam
451 2540 470 2571 et
482 2537 626 2581 speculativam.

211 2614 245 2647 Sar
260 2624 323 2646 corrui
337 2625 365 2647 rsr
380 2614 432 2656 quod
445 2614 576 2656 Philosophus
588 2616 598 2647 5
610 2614 721 2657 Mctcpleys,
734 2623 749 2647 c.
762 2615 770 2646 1
784 2613 853 2647 dividit
866 2613 900 2647 sci·

144 2666 216 2701 entiam
228 2667 248 2700 in
260 2668 364 2710 practicam
376 2670 395 2701 et
407 2667 551 2710 speculativam.
