1846 3062
368 121 474 160 danastro
486 121 508 152 XI
530 120 652 153 laricanus
663 121 670 152 l

207 219 262 252 Unde
274 217 371 260 oppositio
383 217 552 251 contradictionis
561 217 632 260 prtrna
644 220 673 250 θεῖ
681 219 700 250 et
707 217 775 250 tractor
782 217 833 251 inter
842 217 894 252 alias.

141 273 189 305 Nam
202 275 231 305 est
243 272 296 305 inter
308 281 341 304 ens
354 274 371 305 ct
383 281 424 305 non
437 281 470 305 cas
482 271 612 313 stmprtatrer;
628 271 688 304 veluti
703 271 753 304 mala
767 271 811 304 fieri
826 274 844 305 et
855 282 894 305 non

140 326 184 359 fieri
199 327 244 358 suut
259 324 407 358 contradictorie
421 324 516 367 opposita.
538 324 592 358 Unde
607 324 732 358 contradictio
747 327 777 358 est
792 325 894 367 oppositio,

141 380 195 412 cuius
205 378 312 412 secundum
321 388 341 411 se
350 381 426 411 nonest
433 378 524 411 medium.
537 378 622 411 Medium
632 377 683 411 eninr
690 378 775 411 ostendit
780 378 894 412 distantium

141 431 303 465 convenientiam:
321 434 340 465 et
356 432 400 464 ideo
417 431 493 464 rnirtntt
510 431 604 464 rationem
623 431 756 473 oppositionis.
779 432 832 465 Aliae
847 442 895 465 vero

141 486 272 527 oppositiones
284 485 370 518 medium
383 486 463 518 habent:
476 485 570 527 quaedam
583 488 647 518 tamen
659 485 708 527 plus,
720 486 815 527 quaedam
824 486 894 519 miuus.

142 540 166 572 Et
179 539 284 573 secundum
297 539 333 572 hoc
345 538 408 581 magis
420 541 439 572 et
450 538 515 572 minus
527 538 644 581 participant
652 539 675 572 de
684 538 758 572 ratione
766 539 895 581 oppositionis

141 593 299 627 contradictoriae
314 596 333 626 et
348 595 488 635 consequenter
500 592 563 635 magis
576 596 594 626 et
606 593 670 626 minus
683 596 814 635 opponuntur.
835 593 860 626 Et
868 593 895 627 sic

141 647 265 681 contradictio
278 646 348 680 dicitur
360 646 417 679 etiam
430 656 487 679 causa
499 647 581 679 aliarum
589 647 740 689 oppositionum,
752 646 797 689 quia
803 646 895 690 prienen

140 702 163 735 111
175 701 264 744 quolibet
275 710 346 743 peracre
358 703 385 734 cst
397 710 460 734 critico
472 700 567 743 errantum,
582 711 633 743 qnae
644 703 692 734 sacrat
703 701 725 734 in
737 701 775 735 illo
787 711 863 744 peracre.

206 755 284 794 Deinde,
299 754 395 796 oppositio
408 754 515 796 patriotico
529 757 559 787 est
573 755 624 787 inter
638 764 673 788 eus
688 757 707 787 et
721 764 760 787 non
772 764 812 795 eus,
829 754 895 788 sedin

142 809 182 842 tolt'
190 807 276 842 subiecto
289 818 323 841 seu
332 808 441 841 sectandum
454 808 503 850 qrrtd
516 811 601 842 tanturn.
621 809 669 842 Nam
682 808 765 850 privatio
777 811 807 842 cst
819 808 895 851 negatio

141 862 219 896 habitus
234 862 254 894 in
267 861 352 895 subiecto
369 865 414 904 apto
429 865 474 895 nato
490 863 561 895 habere
576 862 639 901 illum;
655 862 753 903 quomodo
769 864 895 903 opponuntur

141 916 221 949 caecitas
234 919 252 949 et
264 915 318 949 visus
331 916 350 948 111
363 916 446 949 homine.
466 916 545 958 Drtptca
556 918 620 949 autem
632 918 662 948 est
674 914 762 957 privatio.
784 914 893 957 erccdam,

141 979 190 1012 quae
202 973 265 1003 estut
277 970 372 1012 quaedam
384 969 483 1011 corruptio
498 970 577 1011 formae,
593 969 642 1002 sicut
657 968 736 1002 caecitas
751 972 781 1002 θεῖ
796 969 895 1011 corruptio

141 1023 196 1057 visus
209 1026 227 1056 et
239 1033 293 1057 mors
305 1023 404 1065 corruptio
417 1023 472 1056 vitae.
497 1023 521 1056 Et
533 1033 543 1056 a
556 1023 588 1055 tali
599 1023 708 1064 privatione
725 1023 749 1055 ad
761 1023 845 1056 formam
857 1032 896 1056 non

141 1079 206 1119 potest
222 1076 265 1110 fieri
283 1086 388 1119 reprecans.
420 1076 524 1117 eroedorn
541 1086 594 1118 vero,
616 1085 664 1119 qnae
685 1076 743 1110 habet
762 1076 895 1111 immediatum

141 1130 230 1164 ordinem
242 1131 266 1164 ad
279 1131 386 1165 subiectum
394 1132 474 1164 formae.
495 1131 519 1164 nt
527 1141 538 1164 a
547 1131 580 1164 tali
588 1131 697 1173 privatione
707 1131 730 1165 ad
738 1131 823 1165 formam
832 1134 896 1174 potest

140 1185 184 1219 fieri
196 1194 305 1229 regressus,
318 1188 339 1219 ut
350 1195 361 1219 a
374 1185 459 1220 tenebris
468 1186 492 1219 ad
500 1186 567 1228 lucem,
580 1185 625 1229 quia
633 1187 724 1220 tenebrae
732 1185 780 1219 nihil
789 1185 841 1220 aliud
851 1190 896 1220 sunt

141 1239 179 1273 nisi
191 1240 278 1273 absentia
290 1239 338 1273 lucis
350 1240 370 1273 in
383 1240 484 1282 diaplrano.

207 1294 261 1336 Item,
275 1295 410 1329 contrarietas
422 1297 452 1329 est
464 1294 561 1337 oppositio
573 1304 612 1328 non
623 1294 674 1329 inter
686 1305 721 1328 ens
733 1298 751 1329 et
760 1305 799 1329 non
808 1305 848 1337 ens,
861 1296 895 1329 sed

141 1348 191 1381 iuter
203 1349 250 1391 ipso
261 1348 317 1390 entia,
332 1348 358 1382 ita
373 1351 394 1382 nt
406 1351 474 1383 mutuo
491 1359 511 1383 se
526 1349 623 1391 expoliant
634 1358 645 1382 a
658 1349 753 1390 subiect03
769 1348 819 1383 sicut
832 1349 896 1392 frigus

142 1402 271 1436 contrariatur
283 1403 342 1436 calori
353 1403 373 1436 111
385 1412 467 1446 corpore
482 1406 501 1436 et
515 1404 588 1437 bonum
603 1403 653 1436 malo
668 1403 688 1436 in
702 1403 771 1437 anima.
795 1403 897 1438 Contraria

142 1467 189 1500 ergo
201 1457 285 1490 maxime
297 1457 370 1490 distant
381 1457 402 1490 in
410 1458 478 1491 codena
486 1467 561 1500 genere,
574 1457 624 1490 sicut
631 1457 651 1490 in
659 1466 730 1499 genere
738 1457 808 1491 coloris
818 1457 896 1500 nigrum

142 1512 187 1554 plus
199 1511 258 1544 distat
270 1512 294 1545 ab
306 1511 355 1552 albo,
367 1521 426 1554 qnam
439 1511 551 1554 simpliciter
563 1521 602 1544 non
614 1511 685 1544 album.

208 1565 310 1607 Oppositio
322 1565 405 1608 denique
413 1565 502 1599 rctotmo
510 1568 540 1598 est
547 1565 598 1598 inter
606 1565 657 1598 entia
665 1564 748 1598 invicem
756 1565 896 1607 contraposita;

143 1619 192 1652 sicut
202 1622 258 1661 pater
266 1619 413 1661 contraponitur
421 1619 466 1661 filio,
479 1619 524 1662 quia
532 1628 571 1652 uon
579 1621 644 1661 potest
652 1619 704 1652 idern
712 1621 802 1661 respectu
809 1619 896 1653 eiusdem

142 1682 185 1706 esse
200 1676 255 1715 pater
271 1676 290 1706 et
306 1674 364 1707 tilius.
388 1674 444 1707 Unde
461 1673 558 1716 oppositio
576 1673 656 1706 relativa
673 1673 731 1707 habet
747 1673 855 1707 rrttnirnrnn
873 1674 897 1707 de

142 1726 301 1768 contradictione,
314 1737 359 1761 nam
372 1727 388 1761 si
400 1727 508 1762 formaliter
517 1730 620 1761 sumantur
628 1727 713 1769 relativa,
727 1727 834 1761 secundum
843 1728 896 1770 quod

143 1784 188 1814 sunt
200 1781 289 1823 opposita
297 1781 383 1823 relativa,
395 1791 434 1816 non
443 1791 463 1815 se
472 1781 571 1824 expellunt
578 1784 651 1823 mutuo,
665 1782 698 1815 sed
711 1791 731 1815 se
741 1785 808 1815 mutuo
816 1785 897 1824 ponunt.

142 1836 189 1869 Ideo
201 1835 252 1869 enim
264 1845 325 1869 111111111
337 1835 441 1870 relativum
453 1835 523 1869 dicitur
535 1836 608 1878 opponi
620 1835 679 1877 alteri,
695 1836 740 1878 quia
755 1845 816 1869 unum
831 1838 861 1870 cst
873 1835 897 1869 ad

142 1890 229 1924 alterum.
243 1890 273 1924 Sic
281 1890 334 1924 iilius
343 1900 382 1924 non
390 1900 425 1932 per
434 1891 470 1924 hoc
477 1890 583 1939 opponitur
591 1890 647 1932 patri,
656 1890 708 1932 quod
717 1890 782 1932 ipsum
793 1893 897 1931 removeat,

143 1944 177 1978 scd
194 1947 275 1986 propter
289 1944 384 1978 rationem
402 1944 521 1978 habitudinis
539 1945 563 1978 ad
579 1944 649 1987 ipsum.
674 1944 698 1977 Et
715 1944 758 1978 ideo
775 1944 795 1977 in
811 1943 897 1978 relativis

142 2000 247 2040 utrumque
264 1998 383 2032 considerari
397 2001 462 2041 potest
476 2001 499 2032 ut
510 1999 631 2041 perfecturus
646 2008 685 2032 non
701 1998 728 2032 sic
743 2000 808 2032 autem
823 1998 843 2031 in
855 1997 897 2032 aliis

142 2052 303 2095 oppositionibus,
319 2053 364 2096 quia
378 2053 398 2086 111
413 2053 443 2087 111ε
459 2063 536 2095 semper
551 2053 633 2087 alterum
648 2055 678 2086 est
689 2052 830 2095 imperfectum,
845 2052 898 2094 quod

143 2106 210 2140 accidit
227 2107 301 2141 ratione
317 2108 431 2150 negationis,
449 2118 498 2151 quae
514 2107 620 2141 includit-ur
636 2107 656 2140 in
673 2107 781 2149 privatione
799 2117 823 2140 ex
837 2106 898 2140 altero

142 2162 290 2195 contrariorum.
313 2162 368 2195 Unde
386 2166 404 2195 et
421 2162 441 2195 in
456 2162 504 2204 ipsis
521 2161 596 2195 Divinis
613 2161 710 2203 Personis,
727 2161 747 2194 in
762 2161 834 2203 quilius
850 2160 898 2194 nihil

142 2215 277 2258 imperfectum
290 2225 333 2250 esse
345 2219 414 2258 potest,
426 2219 456 2249 est
468 2216 565 2258 oppositio
577 2215 681 2257 relationis,
694 2218 713 2249 et
724 2224 764 2248 non
775 2215 817 2248 alia.

207 2292 234 2325 An
245 2302 354 2324 movnrrrvn
364 2303 407 2324 rnco
418 2303 497 2325 mcrrnuu
508 2292 561 2335 quod
570 2291 659 2334 opposita
671 2291 751 2324 relat-ive
763 2294 847 2333 possunt
855 2301 898 2325 con·

143 2345 225 2378 siderari
234 2355 273 2379 non
281 2346 339 2380 modo
346 2346 366 2379 111
375 2348 469 2389 quantum
478 2356 498 2379 se
505 2348 573 2379 mutuo
581 2347 661 2388 ponunt,
671 2344 769 2378 sedetiam
777 2344 898 2387 inquantum

142 2399 225 2432 alterum
237 2400 316 2433 alterius
328 2400 450 2443 negationem
463 2400 534 2434 claudit
546 2402 636 2441 respectu
648 2399 753 2433 cuinsdem.
774 2399 834 2433 Filius
847 2400 898 2433 enim

142 2456 223 2487 nonest
234 2457 290 2496 pater
302 2454 348 2495 eius,
360 2457 450 2496 respectu
462 2454 517 2488 cuius
525 2456 555 2487 est
563 2454 621 2487 tilius.
642 2453 666 2486 Et
679 2453 706 2487 sic
718 2452 806 2495 opposita
818 2453 898 2487 relative

142 2507 246 2541 involvunt
257 2508 399 2551 oppositionem
412 2508 575 2543 contradictionis.
