1846 3062
119 160 157 197 132
332 168 440 208 (tortusue
452 168 496 199 Xi'u
520 167 641 199 aurientes
653 167 658 197 Ι

183 269 198 299 i.
208 268 312 302 i’nuzrnmn,
322 265 453 307 Philosophus
461 274 518 307 saepe
526 264 587 299 utitur
594 263 759 298 demonstratione
766 262 874 300 eueniant,-

119 331 161 353 mun
176 331 193 353 v.
205 331 222 361 g.
236 321 243 352 1
257 320 332 353 Foster.
345 329 359 352 c.
372 321 382 352 6
394 329 418 352 ex
430 328 457 359 ee,
473 319 525 360 quod
540 317 681 351 demonstratio
695 320 725 350 est
737 326 809 357 eorum,
825 325 874 358 qnae

119 377 164 406 sunt
176 383 210 414 per
223 383 248 413 se,
263 373 334 414 probat
353 372 538 405 demonstrationem
551 381 594 404 esse
606 370 767 411 necessariorum,
782 371 801 402 et
813 379 837 402 ex
848 378 871 402 eo

118 416 170 467 quod
183 425 323 459 demonstratio
336 428 365 459 est
375 425 535 466 necessariorum,
548 426 618 466 probat
626 424 678 457 iilam
686 433 729 457 esse
738 432 811 463 eorum,
823 431 873 464 quae

119 482 165 512 sunt
174 489 209 520 per
218 489 243 512 se.
262 479 300 511 Sed
308 479 448 511 demonstratio
457 478 556 511 circularis
566 487 628 520 neque
637 480 667 510 est
674 476 815 509 demonstratio
823 475 873 517 qeiid

118 541 181 575 neque
191 534 275 575 propter
287 531 342 574 quid.
366 531 419 574 Ergo
432 531 573 565 insufficienter
588 530 682 564 dividitur
697 528 838 563 demonstratio
853 527 872 560 in

119 587 169 629 pitin
181 590 199 619 et
209 589 293 629 propter
306 586 360 628 qaid.

185 664 218 698 Sne
234 675 295 696 comm
312 675 339 696 nsr
357 664 409 706 (prod
424 665 488 697 onnus
503 664 643 698 demonstratio
658 664 715 697 debet
729 663 834 706 procedere
850 670 875 694 ex

121 719 224 761 prioribus,
237 722 258 752 ut
266 718 353 752 dieiturl
363 718 436 752 Posnr.
447 729 461 752 e.
470 720 486 752 ⁴2.
507 719 544 753 Sed
557 719 623 761 priora
632 721 677 752 sunt
686 721 761 751 tant-um
771 715 875 759 slipil'ieia:

119 775 150 807 <uei
163 773 280 816 simpliciter,
293 776 340 816 puta
352 783 427 814 causac,
442 775 471 807 rel
482 773 546 816 ‹iiioad
559 783 600 816 nos,
613 777 659 815 puta
671 773 758 806 effeetusv
780 771 834 813 Ergo
846 770 877 804 de-

120 827 235 861 monstratio
241 830 317 861 tantum
325 831 355 861 est
364 828 449 870 staplen:
458 828 488 861 eei
497 828 604 869 procedens
612 827 743 869 captionibus
750 826 875 868 simpliciter,

123 884 169 923 puta
182 891 203 915 er
216 882 292 915 corneis:
304 891 353 923 quae
366 880 436 914 dieitur
448 881 588 914 demonstratio
598 882 683 923 propter
695 879 754 922 quid*
766 880 797 913 oei
808 880 877 922 eapti-

123 936 192 968 oribus
201 936 269 976 qinono
278 944 318 972 tion,
329 940 375 976 put-a
386 945 406 967 ar
415 934 525 968 effectibus:
538 944 587 975 quae
595 933 665 967 dicitur
674 932 813 966 demonstratio
822 932 876 975 pitin.

189 1020 286 1052 Rnsronnno
299 1030 378 1051 naamon
393 1020 445 1061 quod
461 1029 503 1052 eum
517 1030 541 1052 ex
552 1020 603 1052 notis
616 1023 704 1060 oporteat
716 1019 735 1050 in
748 1018 876 1061 coguitionem

123 1073 235 1113 ignotorum
248 1072 344 1114 devenire,
357 1073 421 1105 omnis
429 1076 492 1106 autem
502 1072 642 1106 demonstratio
650 1072 758 1105 adducatur
770 1071 822 1105 alind
830 1071 878 1104 noti-

122 1127 193 1161 ficandi
209 1136 271 1165 eausa,
291 1135 368 1160 necesse
383 1130 417 1168 est,
435 1127 488 1169 quod
506 1126 570 1160 omnis
588 1126 728 1160 demonstratio
746 1126 837 1169 procedat
854 1135 878 1159 ex

122 1182 232 1217 notioribus
243 1181 308 1224 quoad
317 1192 359 1223 nos,
371 1182 444 1225 ciuibus
452 1192 487 1225 per
495 1182 681 1216 demonstrationem
690 1182 715 1215 tit
723 1181 796 1225 aliquid
804 1184 878 1215 notum.

123 1238 145 1271 In
158 1237 275 1281 quibusdam
288 1244 351 1271 autem
367 1238 434 1271 eadem
450 1239 496 1271 sunt
511 1237 586 1272 notiora
603 1238 671 1280 quood
686 1248 722 1271 nos
738 1240 756 1271 et
770 1236 879 1271 secuudum

127 1296 226 1334 iratorum,
242 1292 290 1325 sient
303 1292 321 1324 in
334 1292 480 1332 mathematicis,
492 1301 541 1334 «tiriae
555 1294 600 1325 sunt
612 1302 623 1324 a
635 1292 716 1325 materia
728 1293 830 1325 abstracta.
854 1291 879 1323 Et

124 1347 143 1378 in
156 1345 186 1379 his
199 1345 339 1379 demonstratio
351 1345 438 1387 procedit
453 1356 477 1379 ex
488 1346 598 1379 notioribus
614 1345 726 1388 simpliciter
741 1348 760 1378 et
773 1346 879 1379 seeundum

125 1404 219 1440 nannum,
229 1409 254 1432 sc.
263 1410 284 1433 ec
293 1400 360 1433 euersis
368 1400 390 1432 in
400 1400 483 1433 eftectus.
505 1400 560 1433 Unde
570 1399 640 1433 dieitur
648 1400 789 1433 demonstratio
794 1401 880 1442 propter

125 1454 179 1495 quid.
200 1454 222 1485 In
236 1453 353 1494 quibusdam
366 1456 430 1486 antem
443 1463 484 1486 aion
497 1455 543 1486 sunt
555 1454 621 1486 eadem
634 1453 697 1494 iringis
709 1455 755 1486 nota
767 1452 880 1494 simpliciter

124 1511 142 1540 et
154 1507 219 1549 quoad
231 1516 272 1547 nos,
285 1509 306 1539 ut
318 1506 337 1538 ln
350 1506 476 1546 naturalibus,
492 1507 511 1538 in
527 1506 599 1548 quibus
614 1507 729 1548 plerumque
745 1507 824 1540 eftectus
838 1516 880 1539 sen-

124 1560 193 1593 sibiles·
203 1562 248 1592 sunt
257 1559 320 1601 magis
328 1559 369 1592 noti
378 1560 418 1593 suis
428 1560 496 1592 causis.
515 1561 539 1592 Et
547 1560 567 1591 in
576 1560 607 1592 his
617 1559 757 1592 demonstratio
765 1559 880 1601 pierumque

124 1613 212 1655 procedit
224 1614 248 1646 ab
261 1613 296 1654 his,
312 1622 361 1654 elnae
374 1617 419 1646 sunt
432 1613 495 1646 minus
508 1615 553 1646 nota
566 1614 671 1647 secuudum
685 1616 775 1646 naturam
787 1616 805 1645 et
817 1613 880 1655 magis

125 1671 169 1701 nota
178 1667 242 1710 quoad
251 1677 292 1710 nos,
301 1670 323 1700 ut
331 1667 377 1701 (linit
384 1666 514 1711 Philosophus
525 1670 533 1701 1
542 1668 600 1711 Pipa,
607 1677 621 1701 e.
629 1670 643 1710 i,
653 1667 745 1702 uiinirum
753 1678 773 1702 oa:
780 1667 880 1703 affectione

127 1724 148 1756 iu
161 1733 237 1758 ociosos.
262 1723 316 1757 Unde
328 1723 399 1757 dieitur
411 1723 551 1758 demonstratio
564 1725 617 1767 perio.

190 1779 268 1822 napta:
280 1788 327 1821 ergo
340 1785 369 1812 est
381 1779 527 1813 demonstratio.
554 1780 602 1822 Urio,
617 1784 707 1822 quaeest
720 1789 754 1821 per
767 1782 881 1821 eausan1,et

126 1834 171 1867 haee
183 1837 213 1867 est
224 1843 259 1876 per
271 1833 338 1876 priora
350 1833 468 1876 simpliciter.
492 1833 541 1868 Alio
553 1844 588 1876 per
600 1834 696 1876 effectum,
713 1836 732 1868 et
747 1835 793 1868 haee
805 1837 834 1867 est
846 1843 881 1876 per

124 1897 151 1926 ca,
163 1897 213 1930 qnae
225 1891 271 1921 sunt
286 1888 352 1929 priora
367 1888 431 1929 quoad
447 1898 487 1921 nos.
513 1889 560 1922 Cum
576 1888 626 1921 enim
642 1888 724 1921 eftectus
739 1887 809 1930 uliquis
824 1888 881 1921 nobis

124 1945 154 1973 est
166 1941 287 1974 manifestior
299 1951 358 1982 quam
374 1951 409 1974 sua
421 1951 483 1981 caiisa,
501 1951 536 1983 per
552 1942 643 1975 eiteotum
659 1941 824 1982 prooedinius=ad
839 1951 882 1983 cog·-

125 1994 218 2027 nitionem
231 2004 304 2028 causae.

191 2048 257 2081 Potest
269 2052 332 2081 mitem
346 2048 407 2081 dividi
420 2048 560 2081 demonstratio
573 2049 629 2081 etiam
640 2048 754 2090 tripliciter.
778 2048 820 2081 Uno
830 2047 881 2081 euim

125 2102 183 2135 modo
197 2100 291 2135 dividitur
303 2102 322 2134 in
335 2102 470 2135 irrationalem
482 2107 501 2135 et
510 2102 671 2144 particularem·
686 2103 729 2136 (itio
746 2105 811 2135 autem
823 2102 882 2134 modo

125 2155 220 2190 dividitur
232 2155 252 2188 in
264 2157 399 2199 coteporioem
416 2159 434 2190 et
449 2156 586 2200 prinnttoom;
605 2157 663 2191 tertio
680 2157 737 2191 modo
753 2156 848 2191 dividitur
862 2155 882 2189 in

127 2212 247 2254 imputarem,
262 2222 311 2255 qliae
323 2213 445 2247 demonstrat
457 2213 557 2255 ostensive,
575 2216 593 2246 et
605 2212 625 2246 in
638 2213 754 2256 negativam,
769 2222 818 2255 quae
831 2212 883 2246 ducit

126 2268 154 2301 ud
173 2267 304 2310 inipossthue.
334 2267 449 2302 Diit'erentia
469 2271 532 2302 autem
553 2268 647 2311 ipsarum,
668 2278 692 2302 se.
711 2267 882 2302 demonstrationis

127 2322 228 2365 negativae
241 2328 259 2355 et
271 2323 359 2357 ducentis
374 2324 398 2356 ad
410 2323 536 2365 impossibiie,
553 2324 596 2357 taiis
612 2327 647 2357 est.
671 2323 691 2356 Si
706 2323 815 2366 accipiatur,
831 2322 884 2365 (ruod

126 2378 142 2409 A
154 2377 174 2409 in
186 2377 239 2410 nulio
252 2377 267 2409 Β
280 2377 304 2410 sit
316 2380 335 2410 et
347 2378 362 2410 B
375 2377 400 2410 sit
412 2378 431 2410 in
444 2377 496 2411 omui
510 2378 529 2418 C,
542 2380 561 2410 et
573 2377 705 2419 ooneludatnr,
717 2377 734 2410 A.
745 2386 788 2411 esse
799 2377 819 2410 in
830 2376 883 2410 nniio

127 2430 147 2470 (Γ,
165 2429 202 2463 erit
219 2431 360 2463 demonstratio
378 2431 473 2473 negativa.
498 2431 643 2464 Demonstratio
658 2440 705 2464 vero
721 2431 794 2465 dueens
810 2432 835 2464 ad
850 2430 885 2462 im—

126 2483 219 2524 possibile
234 2484 270 2516 hoc
286 2485 344 2517 modo
359 2493 379 2516 se
395 2485 458 2517 habet.
482 2483 511 2517 Sit
525 2485 557 2525 ita,
573 2485 626 2525 quod
641 2487 729 2526 oporteat
744 2486 884 2524 demonstrare,

127 2537 179 2578 quod
192 2537 208 2569 A
219 2546 259 2569 non
272 2538 297 2570 sit
308 2537 328 2570 in
340 2538 360 2578 B,
377 2540 396 2570 et
411 2537 528 2579 accipiamus
547 2537 658 2580 oppositum
674 2538 721 2580 eins,
736 2538 789 2580 qued
801 2540 885 2580 probare

128 2591 224 2632 volumus,
237 2600 263 2624 se.
276 2601 333 2625 enine
344 2592 362 2625 B
375 2595 402 2625 est
414 2591 436 2633 A,
450 2594 469 2624 et
481 2591 591 2634 accipiatur,
604 2593 656 2634 quod
669 2593 684 2625 B
697 2593 722 2626 sit
733 2592 753 2625 in
763 2593 777 2627 O
789 2590 824 2634 per
836 2593 885 2626 hane

128 2645 282 2688 propositionem
294 2655 352 2680 onina
366 2645 420 2681 Oest
432 2646 459 2688 B;
472 2654 496 2679 ex
509 2645 581 2690 quibus
593 2646 681 2690 seqnitur
694 2647 791 2682 conclusio
804 2647 887 2683 ontneC

129 2703 157 2734 ost
168 2700 190 2735 A.
213 2701 237 2735 nt
250 2700 274 2736 sit
286 2701 317 2744 ita,
333 2701 385 2745 quod
398 2704 466 2737 notum
479 2700 504 2736 sit
519 2704 538 2737 et
552 2712 666 2738 eoncessum
677 2703 730 2747 apud
742 2713 815 2746 omnes,
833 2703 886 2747 quod
