1846 3062
138 126 175 164 112
343 137 451 178 11111111
462 138 515 171 xxm
537 137 658 171 1111111111
670 138 684 169 r

136 237 201 267 autern
216 234 293 273 veritas,
308 244 357 276 quae
373 240 440 268 causat
453 235 501 268 fidei
515 244 623 275 assensum,
638 236 668 267 est
679 234 749 267 tortior
762 244 819 267 causa
831 244 890 276 quam

136 287 201 319 lumen
213 286 299 326 rationis,
312 287 365 327 quod
376 291 443 320 causat
454 296 557 320 assensum
569 287 677 319 intellectus
686 287 717 319 vel
728 286 822 319 scientiae.
842 286 890 320 Alto

136 339 196 372 ruodo
208 341 273 380 potest
284 338 404 373 considerari
420 339 515 373 certitudo
530 350 551 374 ee
560 341 621 383 pcc-te
634 339 729 374 subiecti:
745 342 763 373 et
779 339 806 374 sic
820 340 890 375 dicitur

137 393 214 437 certius,
229 394 282 438 quod
296 393 373 439 plenius
386 395 511 440 consequitur
523 395 631 431 intellectus
642 395 732 431 hominis.
757 396 781 431 Et
792 406 828 440 per
839 397 891 431 huno

137 450 223 492 modum,
240 450 286 493 quia
301 461 327 493 ea,
346 461 395 493 quae
412 455 458 485 sunt
471 451 523 494 fidei,
542 454 588 486 sunt
600 461 660 494 supra
671 451 788 485 intellectum
800 451 890 492 hominis,

137 514 175 537 nou
188 507 252 538 autem
264 514 291 546 ea,
303 514 353 546 quae
365 505 566 539 subsuntintellectui
574 508 592 539 et
602 505 696 546 scientiae,
708 505 751 538 ideo
760 514 784 537 ex
793 506 828 538 hac
836 508 891 547 parte

136 556 187 590 rides
199 560 229 590 est
240 558 305 591 minus
318 560 374 590 certa.
396 558 434 591 Sed
446 558 492 598 quia
503 559 657 599 unumquodque
665 557 761 590 iudicatur
770 557 891 603 stutplicc'ter

137 608 216 649 quidem
232 610 339 641 secundumn
356 618 434 642 causam
452 619 512 649 suam,
532 610 638 644 secundum
655 611 719 644 autem
737 608 890 651 dispositionem,

137 672 186 706 quae
198 666 289 707 exparte
302 663 383 698 subiecti
394 666 428 707 est,
441 663 537 700 iudicatur
549 665 657 701 1111111111
669 664 723 710 quid,
737 664 782 701 inde
791 668 826 708 est,
838 664 891 709 quod

137 719 188 754 fides
200 722 228 755 est
238 720 360 764 airrtplc'citcr
372 721 449 763 certior,
468 722 502 756 sed
514 721 551 756 alia
563 724 609 756 sunt
621 721 703 756 certiora
714 722 823 756 secundum
835 721 889 764 quid,

139 785 164 808 sc.
178 776 243 818 quoad
257 785 299 809 nos.
322 776 378 809 Unde
393 775 450 809 etiam
466 775 486 808 in
500 776 536 817 his,
555 785 603 818 quae
619 778 665 809 sunt
678 774 730 816 ndei,
747 777 812 817 potest
826 778 891 808 motus

138 828 264 861 dubitationis
276 829 379 870 insurgere
390 829 410 861 iu
422 829 517 870 credente,
533 831 552 862 et
566 829 647 861 credens
662 828 761 861 interdum
775 830 840 869 potest
851 827 892 869 pati

137 884 212 913 motum
227 881 354 913 dubitationis
369 884 387 912 et
402 880 491 913 dubitare
509 881 533 912 de
550 880 586 921 his,
604 889 653 921 quae
672 882 717 912 sunt
732 879 784 912 fidei.
808 879 845 912 Sed
860 879 892 911 illa

137 932 233 966 dubitatio
244 942 286 967 11111
298 936 326 967 est
338 942 359 967 11
367 935 429 975 parte
441 933 631 968 reaccenderet
642 933 710 977 qrcoed
721 942 762 977 uos,
775 933 892 977 inquantum

137 997 177 1023 non
189 987 244 1032 plene
257 987 380 1033 assequimur
391 998 426 1033 per
434 988 552 1025 intellectum
560 1000 587 1033 ea,
599 999 648 1034 quae
657 992 703 1025 sunt
709 989 761 1025 fidei.
781 989 833 1025 Nihil
840 989 892 1024 enim

138 1044 233 1087 prohibet,
251 1044 271 1079 id
286 1045 340 1087 quod
353 1048 384 1078 est
398 1045 469 1079 certius
485 1046 591 1079 secundum
606 1048 701 1087 naturam,
719 1055 762 1079 esse
777 1046 841 1087 quoad
855 1054 891 1077 nos

138 1098 203 1131 rniuus
216 1101 295 1139 certum,
307 1101 388 1140 propter
400 1098 518 1131 debilitatem
530 1098 638 1131 intellectus
650 1098 718 1139 nostri,
730 1098 764 1140 qui
773 1107 793 1131 se
802 1098 860 1130 habet
868 1097 892 1129 ad

138 1150 297 1184 manifestissima
311 1154 392 1183 naturae
407 1151 456 1183 sicut
471 1151 538 1183 oculus
553 1154 634 1184 noctuae
649 1151 674 1182 ad
688 1151 754 1183 lumen
772 1150 824 1187 solis,
843 1150 892 1182 sicut

138 1202 208 1235 dicitur
222 1202 242 1234 in
257 1203 390 1245 2Metcpbyc.
414 1202 469 1236 Unde
487 1201 587 1243 dubitatio,
605 1211 654 1245 quae
672 1201 741 1236 accidit
757 1202 777 1235 in
795 1201 892 1244 aliquibus

138 1256 188 1290 circa
200 1256 291 1291 articulos
302 1255 354 1300 fidei,
367 1265 406 1291 non
417 1259 447 1292 est
459 1258 540 1301 propter
552 1256 708 1292 incertitudinem
720 1257 753 1302 rei,
766 1257 801 1293 sed
812 1260 892 1302 propter

139 1313 257 1348 debilitatem
265 1313 373 1348 intellectus
382 1313 450 1348 nostri.
469 1314 494 1347 Et
499 1313 526 1347 ita
532 1314 657 1348 manifestum
664 1317 698 1356 est,
708 1315 760 1357 quod
766 1324 805 1348 una
814 1314 893 1348 scientia

138 1371 169 1402 est
180 1369 250 1402 certior
262 1369 303 1402 alia.

203 1443 230 1475 Aa
242 1452 304 1473 aarum
314 1452 357 1473 11111
368 1452 448 1473 nicasium
463 1442 516 1483 quod
531 1451 574 1474 cum
588 1441 705 1474 incertitudo
721 1440 836 1482 cognitionis
851 1450 893 1472 cau·

139 1498 193 1527 set-ur
205 1503 229 1527 ex
241 1494 323 1536 ditches,
337 1504 361 1528 ex
373 1493 535 1528 transmutatione
547 1493 638 1532 materiae
650 1496 669 1527 et
681 1503 774 1528 excausa
786 1493 814 1527 rei
822 1492 842 1527 in
850 1503 893 1537 cog·

139 1548 237 1584 noscendo
244 1550 324 1594 tantum,
330 1551 377 1593 puta
383 1559 407 1584 ex
414 1548 489 1592 effectu,
499 1552 571 1594 quanto
579 1549 642 1595 magis
651 1549 747 1585 acceditur
756 1550 780 1585 ad
787 1549 893 1593 materiam,

140 1608 193 1639 tanto
202 1605 281 1640 scientia
290 1609 320 1639 est
327 1606 393 1640 niiuus
402 1610 463 1647 certa,
477 1606 565 1640 similiter
576 1606 593 1640 si
604 1605 893 1648 111111111111111111111111111,

139 1660 231 1693 incertior
243 1659 280 1693 erit
289 1670 315 1701 ea,
328 1670 377 1702 quae
388 1660 476 1701 procedit
487 1669 512 1693 ex
523 1669 581 1692 causa
592 1660 675 1693 essendi.
699 1660 748 1697 Quia
759 1669 807 1700 ergo
819 1659 893 1700 aliquae

140 1713 230 1746 scientiae
245 1713 312 1745 dicunt
326 1722 410 1750 causam,
427 1712 503 1754 aliquae
517 1712 613 1752 effectum,
629 1714 648 1744 et
663 1711 738 1752 aliquae
752 1712 869 1744 abstrahunt
883 1720 894 1743 a

140 1764 220 1797 materia
232 1767 251 1796 et
262 1765 337 1806 aliquae
348 1764 401 1797 illam
414 1767 536 1806 concernunt,
549 1763 592 1797 ideo
603 1763 678 1806 aliquae
690 1765 736 1798 sunt
743 1763 786 1798 aliis
795 1763 893 1797 certiores.

204 1818 231 1853 Au
246 1828 328 1852 11111111
342 1828 422 1853 nicarum
436 1817 494 1864 quod,
513 1817 562 1855 sicut
580 1829 640 1864 supra
658 1818 730 1855 dictum
746 1821 781 1864 est,
799 1818 894 1855 certitudo

140 1876 250 1919 (1111111111
261 1879 326 1919 potest
337 1876 467 1911 considerari:
479 1886 521 1911 1111
532 1876 591 1911 modo
600 1886 689 1910 excausa
698 1875 824 1918 certitudinis,
836 1878 855 1909 et
867 1875 895 1909 sic

140 1931 210 1964 dicitur
225 1940 268 1964 esse
284 1930 361 1972 certius,
377 1931 429 1973 quod
444 1931 503 1964 habet
517 1931 618 1964 certiorem
634 1939 717 1963 causam.
741 1929 815 1962 Dicitur
829 1933 894 1962 autern

140 1993 202 2023 causa,
216 1983 265 2016 sicut
277 1986 296 2016 et
304 1993 336 2016 res
346 1983 415 2024 aliqua,
427 1983 503 2023 certior,
515 1992 564 2024 quae
573 1982 636 2023 magis
644 1985 674 2015 est
682 1992 693 2014 a
702 1981 783 2014 materia
791 1982 894 2014 abstracta.

141 2035 165 2067 Et
178 2035 205 2067 sic
217 2035 296 2067 scientia
308 2034 445 2077 metaphysica,
461 2043 510 2077 quae
525 2037 555 2069 est
569 2035 593 2068 de
608 2034 711 2068 abstractis
723 2043 734 2067 a
745 2033 826 2067 materia
840 2043 862 2067 re
876 2036 895 2067 et

140 2089 220 2133 ratione,
232 2088 303 2125 dicitur
315 2089 386 2125 certior
398 2099 456 2135 quem
469 2089 556 2135 Physica,
569 2100 619 2136 quae
631 2090 728 2126 concernit
739 2089 840 2126 materiam
854 2100 895 2126 sen-

141 2146 222 2189 sibilem,
234 2150 252 2181 et
261 2157 320 2190 quam
329 2147 468 2189 Mathematica,
476 2157 526 2190 quae
534 2147 632 2181 concernit
640 2147 742 2181 materiam
749 2146 894 2190 intelligibilem.

140 2201 187 2235 Areo
200 2202 258 2234 modo
270 2211 294 2234 ex
306 2204 361 2243 parte
374 2201 459 2242 subiecti,
472 2203 491 2234 et
503 2201 530 2233 sic
538 2201 609 2234 dicitur
617 2210 660 2233 esse
669 2201 745 2239 certius,
758 2201 810 2241 quod
819 2199 894 2241 plenius

141 2253 266 2294 consequitur
278 2254 385 2286 intellectus
400 2255 503 2285 humanus.
528 2253 552 2285 Et
567 2253 603 2284 hoc
618 2253 676 2284 modo
692 2252 782 2284 scientiae
796 2251 895 2283 naturales

141 2308 187 2339 sunt
195 2305 286 2339 certiores
295 2305 340 2347 fide,
352 2307 371 2339 et
381 2304 432 2339 inter
439 2305 482 2339 fllas
494 2304 569 2349 aliquae
582 2306 628 2338 sunt
638 2304 701 2349 magis
713 2306 744 2340 vel
756 2305 821 2339 minus
833 2306 895 2339 certae

140 2359 195 2395 iuxta
209 2359 356 2405 dispositionem
371 2361 451 2404 mentis3
468 2361 495 2397 sic
509 2361 567 2397 etiam
582 2361 727 2397 mathematicae
743 2364 789 2397 sunt
803 2361 895 2397 certiores

141 2417 183 2451 aliis
196 2417 286 2460 scientiis,
299 2418 344 2460 quia
356 2418 432 2460 plenius
444 2421 463 2451 et
474 2417 549 2451 facilius
562 2418 586 2451 ab
598 2417 695 2451 intellectu
707 2417 846 2460 percipiuntur.
