1846 3062
264 148 372 188 Quaestio
383 149 428 181 XXII
450 148 572 182 ARTICULUS
583 150 605 181 lll

314 322 436 355 ARTICULUS
448 322 550 362 QUARTUS

112 432 174 459 urnuu
189 431 224 459 PER
238 431 291 459 UNUM
305 431 366 460 aaron
380 431 474 459 crunnum
489 432 551 461 POSSIT
565 432 645 460 HABITUS
660 432 758 461 scindulae

90 541 99 561 n
111 539 187 567 0111111
198 539 222 560 sm
234 538 339 560 aaocnmrua.
357 528 439 562 Videtur
447 529 499 570 quod
508 529 586 563 habitus
598 528 687 563 scientiae
699 540 738 563 101
750 529 813 572 possit

60 542 88 614 Α
100 581 190 625 generari
201 591 237 624 per·
248 591 309 615 unum
322 584 391 616 actum.
411 581 461 615 Dicit
472 583 523 616 enim
532 583 663 625 Philosophus
676 585 684 617 1
697 583 761 617 Etutc.
774 593 789 616 c.
797 585 813 623 Τ,

59 637 111 680 quod
123 646 162 670 una
174 636 259 669 hirundo
270 645 309 669 non
321 636 367 669 lacit
377 645 412 669 ver
424 645 459 669 nec
470 646 509 670 una
516 636 558 670 dies
566 636 611 670 lacit
620 638 697 671 beatum
706 640 724 671 11
732 637 812 670 felicem.

60 691 97 725 Sed
109 689 208 724 beatitudo
220 693 250 723 est
262 690 348 731 operatio
361 690 467 723 secundum
479 690 566 724 habitum
579 691 675 732 perfectae
690 691 775 731 virtutis,
792 694 813 724 ut

0 778 2 781 ,
59 744 129 778 dicitur
142 746 150 777 1
163 744 228 778 Erato.
244 746 280 777 07
296 747 314 777 11
329 745 344 778 8.
368 744 421 786 Ergo
436 743 514 778 habitus
530 744 608 778 virtut-is
624 747 643 778 et
657 745 724 779 eadem
739 745 813 778 ratione

1 834 3 836 ,
59 797 137 832 habitus
153 797 248 838 scientiae,
266 807 315 839 quae
333 800 363 831 est
380 797 444 831 virtus
463 797 601 838 intellectualis,
619 808 658 831 non
673 801 764 832 causatur
779 808 814 840 per·

3 847 4 850 ¹
60 860 120 885 unum
132 854 202 884 actum.

125 907 140 938 2.
152 905 258 943 Pmrrnnm,
270 905 337 938 eadem
349 908 379 938 est
390 904 439 938 ratio
451 905 581 947 generationis
591 908 609 938 et
618 906 755 948 corruptionis.
776 906 814 939 Sed

60 959 124 992 nullus
137 958 214 992 habitus
227 958 360 1001 corrumpitur
371 968 407 1000 per
418 968 479 991 111111
491 961 560 998 actum,
576 958 622 1001 quia
633 959 708 993 habitui
720 969 759 993 non
771 969 815 993 con·

60 1011 153 1046 trariatur
161 1015 220 1053 actus,
234 1013 267 1046 sed
275 1012 359 1047 habitus.
380 1013 433 1055 Ergo
442 1012 531 1046 similiter
539 1013 604 1046 nullus
614 1013 692 1047 habitus
702 1013 814 1056 acquisitus,

60 1065 169 1100 cuiusmodi
192 1068 221 1099 est
244 1066 322 1100 habitus
345 1066 434 1100 scientiae
456 1067 560 1108 humanae,
582 1067 708 1109 generabitur
730 1077 754 1101 ex
775 1077 814 1100 uno

60 1122 136 1152 tantum
148 1122 197 1153 actu.

127 1194 160 1228 San
173 1204 275 1226 1011111151
290 1195 342 1236 quod
357 1194 497 1228 demonstratio
512 1198 542 1229 est
553 1198 608 1228 actus
620 1194 706 1229 rationis.
730 1195 768 1229 Sed
780 1204 815 1237 per

59 1257 119 1280 unam
127 1247 312 1281 demonstrationem
319 1250 410 1281 causatur
417 1247 501 1288 seientia,
508 1258 557 1291 quae
564 1252 594 1281 est
600 1248 678 1282 habitus
686 1248 815 1282 conclusionis

61 1300 124 1334 utrius.
149 1302 202 1344 Ergo
214 1301 292 1335 habitus
305 1301 395 1335 scientiae
407 1303 471 1343 potest
483 1302 559 1336 causari
571 1312 595 1335 ex
606 1312 646 1335 uno
658 1306 707 1336 actu.

127 1378 224 1411 Rrsaorono
231 1388 310 1410 11111111
316 1378 369 1420 quod
375 1377 453 1411 habitus
460 1387 495 1419 per
501 1381 565 1411 actum
574 1381 688 1420 9111111111,
699 1378 814 1420 inquantum

61 1431 147 1473 potentia
158 1431 237 1474 passiva
249 1434 339 1465 movetur
351 1432 375 1465 ab
384 1431 448 1473 aliquo
460 1432 555 1474 principio
568 1432 635 1465 activo.
656 1432 685 1465 Ad
698 1433 734 1465 hoc
746 1433 815 1468 autem,
859 1430 862 1434 '

62 1486 114 1527 quod
132 1485 196 1528 aliqua
213 1484 296 1527 qualitas
314 1487 404 1519 causetur
421 1485 441 1518 in
459 1486 543 1528 passivo,
561 1488 643 1528 oportet,
661 1486 714 1529 quod
731 1485 816 1519 activum

62 1539 146 1573 totaliter
158 1539 222 1573 vincat
234 1539 344 1581 passivum3
357 1539 409 1572 unde
421 1539 516 1580 videmus,
529 1540 581 1582 quod
590 1540 635 1581 quia
644 1539 696 1581 ignis
704 1549 742 1572 non
752 1541 816 1581 potest

62 1592 146 1627 totaliter
157 1593 234 1627 vincere
244 1602 301 1626 suum
310 1592 450 1630 combustibile,
462 1602 501 1626 101
511 1593 575 1627 statim
583 1593 692 1627 inflammat
700 1593 771 1635 ipsum,
783 1592 817 1625 sed

63 1647 155 1688 paulatim
164 1646 228 1680 abiicit
237 1646 344 1680 contrarias
353 1646 497 1689 dispositiones,
506 1650 527 1680 11
536 1647 563 1680 510
571 1646 655 1680 totaliter
664 1647 744 1680 vincens
751 1647 817 1689 ipsum

63 1699 209 1734 similitudinem
221 1700 259 1742 ipsi
271 1700 376 1742 imprimat.

128 1754 253 1789 Manifestum
261 1757 291 1788 est
299 1757 363 1788 autem
372 1755 425 1797 quod
434 1754 550 1797 principium
559 1754 649 1796 activum,
662 1755 714 1798 quod
723 1757 752 1788 est
762 1754 817 1794 ratio,

63 1817 101 1841 non
114 1812 178 1850 potest
189 1808 274 1842 totaliter
287 1809 424 1852 supervincere
433 1809 539 1851 potentiam
549 1808 683 1851 appellitatum
691 1809 711 1841 in
720 1818 759 1842 uno
768 1811 817 1848 actu,

63 1871 85 1896 eo
98 1864 150 1905 quod
162 1862 268 1906 appetitiva
280 1863 366 1905 potentia
378 1873 399 1897 51
411 1863 469 1897 habet
481 1863 612 1897 diversimode
624 1865 643 1896 et
655 1864 679 1896 ad
691 1863 757 1904 nmlta,
769 1862 818 1896 iudi-

63 1920 117 1950 catur
129 1920 193 1951 autem
206 1927 241 1960 per
252 1917 347 1951 rationem
359 1917 379 1950 in
391 1920 434 1951 actu
442 1926 481 1950 110
489 1917 562 1960 aliquid
571 1917 701 1960 appetendum
711 1917 817 1951 secundmn

64 1971 201 2005 determinatas
214 1971 298 2005 rationes
310 1974 329 2005 et
337 1971 497 2005 circumstantias.
519 1972 544 2005 Et
551 1971 594 2005 ideo
602 1971 680 2005 habitus
689 1972 770 2006 uirtutis
779 1981 818 2004 non

63 2028 128 2067 potest
133 2026 208 2060 causari
215 2036 315 2072 perunum
322 2029 392 2069 actum,
397 2026 431 2060 sed
435 2036 470 2068 per
476 2026 554 2060 multos.
563 2026 587 2059 In
594 2026 747 2069 apprehensam
753 2028 818 2060 autem

63 2081 155 2121 potentiis
170 2084 260 2123 respectu
275 2080 364 2115 scientiae
380 2090 458 2114 1101551
473 2084 502 2115 est
517 2090 560 2114 esse
577 2081 651 2123 duplae
666 2081 777 2124 possintne,
794 2090 819 2114 sc.

64 2133 181 2169 intellectum
193 2135 307 2178 possibilem
319 2138 337 2169 et
349 2135 408 2168 alium
419 2134 542 2174 intellectum,
558 2144 616 2177 quent
629 2134 760 2177 Philosophus
773 2136 783 2168 3
795 2135 820 2168 cle

64 2188 139 2223 Anima
152 2199 166 2223 c.
179 2192 188 2223 5
200 2189 302 2232 passivum
315 2192 375 2231 vocat,
388 2189 422 2231 qui
434 2191 463 2222 est
475 2189 524 2223 ratio
536 2189 665 2231 particularis,
677 2189 689 2222 i.
698 2199 713 2222 e.
726 2189 756 2222 vis
769 2188 820 2231 cogi-

65 2242 124 2276 tativa
139 2254 182 2278 cum
198 2243 325 2278 memorativa
339 2246 358 2277 et
372 2242 503 2286 imaginativa,
521 2253 571 2286 quae
587 2246 632 2277 sunt
647 2242 699 2277 vires
715 2241 819 2276 sensitivae

64 2296 172 2331 interiores.
200 2298 249 2337 Quia
266 2300 330 2331 autem
348 2298 426 2332 habitus
444 2301 490 2331 sunt
508 2297 581 2331 similes
601 2297 681 2337 actibus,
703 2307 727 2330 ex
747 2296 819 2339 quibus

65 2351 198 2394 acquiruntur,
210 2355 229 2386 et
240 2355 300 2394 actus,
312 2362 336 2386 ex
348 2352 420 2395 quibus
432 2351 452 2385 11
464 2351 562 2394 praesenti
570 2351 610 2385 vita
619 2351 698 2385 scientia
706 2350 819 2393 acquiritur,

65 2408 111 2438 sunt
128 2416 163 2448 per
179 2406 326 2440 conversionem
344 2406 452 2440 intellectus
469 2407 494 2440 ad
511 2407 651 2448 phantasmata,
670 2415 719 2448 quae
737 2407 783 2438 sunt
800 2404 819 2437 in

65 2460 168 2499 praedictis
180 2460 257 2494 viribus
270 2461 369 2495 sensitivis
381 2460 516 2494 interioribus:
529 2460 572 2493 ideo
583 2470 620 2502 per
632 2460 682 2493 tales
691 2461 747 2493 cottus
755 2462 774 2492 et
781 2458 820 2501 ipsi

65 2512 169 2548 intellectui
181 2514 270 2557 possibili
282 2514 389 2558 acquiritur
401 2515 489 2548 facilitas
502 2515 602 2556 patriacham
611 2514 639 2547 ccl
648 2513 820 2547 coaniclerundum

60 2576 101 2607 per
109 2569 182 2610 species
191 2571 297 2611 satsceptoa,
308 2569 355 2603 etin
364 2568 407 2603 istis
416 2568 492 2603 11111115
501 2568 600 2602 sensitivis
609 2566 716 2609 acquiritur
725 2568 820 2610 quaedam

66 2621 171 2665 1111111111,
189 2626 210 2656 11
224 2623 300 2657 facilius
314 2633 350 2666 per
365 2622 511 2657 conversionem
527 2622 551 2655 ad
566 2622 620 2664 ipsas
635 2621 743 2655 intellectus
758 2621 821 2664 possit

66 2673 193 2719 intelligibilia
206 2677 306 2719 speculari.
