1846 3062
282 105 389 147 obsessio
400 106 437 138 th
460 106 600 138 surruptast
708 98 710 101 ’
779 94 817 132 121

62 208 149 240 utentem
163 206 183 239 in
200 215 235 239 suo
250 208 302 246 actu,
318 207 337 238 et
353 204 398 247 quia
412 203 549 247 incorporeum
564 214 603 238 non
619 206 684 247 potest
695 202 818 236 immutaris

63 270 162 303 corporeo,
176 259 247 302 posuit,
263 259 316 302 quocl
331 258 415 302 cognitio
430 258 563 292 intellectualis
578 269 617 293 non
630 258 655 292 sit
666 267 702 300 per
713 256 819 290 immutati-

63 325 120 349 onem
134 314 243 349 intellectus
258 324 269 347 a
281 313 412 355 sensibilibus,
428 313 462 346 sed
476 322 511 355 per
526 312 693 356 participationem
708 312 818 345 formarum

63 368 212 413 intelligibilium
221 372 360 411 separatarum.
380 368 463 401 Sensum
472 367 529 401 etiam
537 367 603 410 posuit
610 367 703 401 virtutem
713 366 818 409 quamdam

63 434 98 466 per
111 433 131 458 se
143 425 261 466 operantem,
273 423 324 456 unde
336 431 371 456 1100
382 422 425 464 ipse
437 432 513 462 sensus,
525 431 569 455 cum
582 422 607 455 sit
617 432 649 456 res
658 422 753 464 quaedam
763 420 819 463 spiri-

63 478 126 519 tualis,
138 478 253 512 immutatur
265 487 276 510 a
289 476 420 518 sensibilibus,
433 477 467 510 sed
480 485 553 519 organa
566 486 659 510 sensuum
671 474 818 510 asensibilibus

63 533 197 566 immutantur.
221 532 251 566 Ex
265 541 303 574 qua
320 531 438 565 oscitatione
452 530 517 564 anima
528 531 672 573 quodammodo
684 530 784 572 excitatur,
798 532 818 563 ut

63 587 82 619 in
96 596 116 619 se
128 585 202 628 species
215 584 336 619 sensibilium
344 585 421 618 formet.
442 585 467 618 Et
474 585 524 617 hanc
532 584 643 626 opinionem
651 587 731 626 tangere
740 584 819 618 videtur

63 640 185 682 Augustinus
197 649 258 682 snper
268 638 359 673 Genesi-in
372 639 400 672 ceci
412 639 450 672 titt.
463 639 474 671 l.
483 639 509 680 12,
521 637 556 672 nbi
567 638 618 676 dicit,
630 639 683 680 quod
695 648 767 680 corpus
779 648 818 671 non

64 693 127 735 sentit,
140 693 174 727 sed
186 693 251 726 anima
261 702 297 735 per
309 701 386 734 corpus,
398 701 438 735 quo
445 692 499 726 ceint
507 692 580 726 nniitio
589 692 651 725 utitur
660 692 684 725 acl
692 692 818 725 formandum

63 748 83 780 in
95 748 164 790 seipsa,
177 748 230 790 quod
242 746 363 781 extrinsecus
375 746 481 781 nuntiatur.
502 746 533 780 Sic
543 746 603 789 igitur
616 747 723 780 secundnm
732 745 819 779 Platonis

63 802 173 844 opinionem
189 810 252 843 neque
267 800 401 834 intellectualis
417 800 501 843 cognitio
517 810 528 833 a
544 800 631 834 sensibili
645 800 738 842 procedit,
756 810 820 842 neque

63 855 120 888 etiam
133 854 231 888 sensibilis
243 853 327 888 totai'ter
339 864 350 887 a
361 855 421 887 rebus
434 853 565 895 sensibilibus,
578 853 612 887 secl
625 853 723 887 sensibilia
735 854 819 887 excitant

63 909 148 942 animam
159 908 296 942 intellectivam
309 908 333 942 ad
345 907 497 951 intelligendum.

128 973 242 1006 Aristoteles
251 975 315 1006 autem
323 972 387 1006 inedia
395 972 427 1006 via
434 972 535 1015 processit.
551 972 619 1005 Posuit
627 971 678 1005 enim
687 981 730 1005 cum
740 972 819 1005 Platone

63 1026 181 1059 intellectum
190 1026 271 1059 differre
279 1036 290 1059 a
298 1036 363 1068 sensu,
375 1026 409 1059 sed
419 1036 498 1060 sensum
505 1026 571 1068 posuit
577 1025 677 1068 propriam
687 1025 818 1068 operationem

64 1090 103 1113 non
114 1080 186 1113 habere
198 1080 240 1113 sine
252 1080 425 1114 communicatione
437 1080 530 1123 corporis,
546 1080 573 1113 ite
587 1080 640 1122 qnod
655 1080 727 1113 sentire
743 1089 782 1113 non
795 1080 820 1113 sit

64 1136 118 1167 actus
130 1134 205 1166 animae
217 1136 298 1174 tantum,
311 1134 345 1167 sed
358 1134 471 1175 coniuncti·
483 1136 501 1167 et
514 1133 602 1167 similiter
614 1134 680 1176 posuit
692 1134 716 1166 (le
728 1133 820 1167 omnibus

64 1186 210 1228 operationibus
226 1186 330 1220 sensitivae
347 1187 415 1228 partis.
439 1186 488 1225 Quia
502 1187 562 1229 igitur
577 1197 616 1220 non
631 1190 661 1221 est
674 1187 820 1227 inconveniens,

64 1240 116 1281 qnod
132 1239 235 1281 sensibilia,
253 1250 302 1282 qnae
322 1243 368 1273 sunt
382 1243 437 1273 extra
452 1240 541 1281 animam,
559 1243 639 1274 causent
653 1240 726 1282 aliquid
740 1241 761 1273 in
776 1250 820 1274 con-

63 1293 156 1334 iunctum,
167 1293 188 1326 in
200 1294 236 1327 hoc
244 1293 358 1327 Aristoteles
370 1303 414 1327 cum
426 1293 536 1327 Democrito
549 1294 678 1335 concordavit,
691 1294 743 1336 quod
753 1303 820 1336 opera-

64 1346 127 1380 tiones
140 1347 244 1381 sensitivae
256 1348 317 1390 partis
330 1349 434 1381 causantur
443 1357 482 1390 per
493 1347 645 1390 impressionem
656 1348 785 1381 sensibilium
797 1347 820 1380 in

64 1410 147 1443 sensnm,
161 1410 201 1434 non
212 1411 248 1443 per
259 1401 340 1434 modum
352 1401 475 1443 defluxionis,
487 1404 509 1435 ut
518 1401 641 1435 Democritus
653 1401 724 1444 posuit,
738 1402 772 1435 sed
783 1411 819 1443 per

64 1456 169 1498 qnamdam
181 1455 318 1498 operationem.
342 1455 464 1489 Intellectum
479 1465 526 1489 1010
540 1455 607 1498 posuit
618 1455 733 1489 Aristoteles
747 1455 820 1489 habere

64 1509 195 1553 operationem
205 1500 279 1553 absque
288 1509 462 1544 communicatione
468 1510 562 1552 corporis.
574 1509 626 1544 Nihil
632 1512 696 1544 auten]
703 1519 819 1553 corporeum

64 1564 177 1606 imprimere
183 1568 248 1608 potest
253 1565 274 1599 in
280 1575 322 1599 rem
328 1565 468 1608 incorpoream,
477 1568 496 1599 et
504 1565 548 1599 ideo
556 1565 581 1599 ari
589 1565 707 1599 cansandam
715 1564 822 1598 intellectu·

64 1618 113 1652 alem
126 1620 258 1662 operationem
268 1620 375 1653 secuudum
383 1619 524 1662 Philosophum
536 1629 576 1653 non
585 1618 657 1653 sufficit
667 1620 708 1653 sola
715 1618 820 1662 impressio

65 1672 186 1707 sensibilium
199 1683 308 1716 corporum,
324 1674 359 1708 sed
374 1673 481 1717 requiritur
494 1674 576 1717 reiiqnid
587 1674 682 1716 nobilius,
699 1674 745 1716 01111
759 1683 821 1716 agens

63 1728 94 1760 est
105 1727 239 1761 honorabilius
251 1727 340 1770 patiente,
352 1731 374 1761 ut
385 1728 428 1770 ipse
439 1728 485 1761 dicit
497 1730 507 1762 3
519 1727 628 1762 [1014111100
640 1738 654 1762 0.
666 1731 681 1762 5.
700 1729 744 1762 Non
755 1731 820 1761 tamen

64 1780 95 1822 ita,
104 1781 157 1823 quod
165 1781 299 1815 intellectualis
306 1782 392 1824 operatio
399 1785 489 1815 causetur
496 1792 520 1816 ex
527 1782 568 1816 sola
574 1782 704 1825 impressione
710 1782 820 1824 aliquarum

64 1844 130 1867 rerum
143 1834 272 1877 superiorum,
288 1838 310 1868 ut
322 1835 376 1869 Plato
391 1835 466 1877 posuit:
482 1836 516 1869 sen
533 1835 581 1869 illud
597 1836 688 1878 superius
704 1838 723 1869 et
734 1835 820 1870 nobilius

64 1897 129 1930 agens,
150 1889 202 1930 quod
223 1891 279 1921 vocat
300 1889 425 1922 intellectum.
446 1891 542 1930 (ipeiitent,
568 1890 617 1923 feroit
634 1890 786 1931 plinntnsninto
806 1900 819 1922 0

63 1941 154 1975 sensibus
172 1945 254 1984 cioceptn
271 1942 416 1984 intetiipibiiin
432 1942 454 1975 in
467 1944 514 1976 nctn
526 1952 564 1985 per
580 1943 662 1976 11011101
675 1943 820 1977 (restinctionis

64 1996 175 2029 cirinscinin.

131 2061 241 2095 Secundum
258 2061 294 2095 hoc
312 2071 364 2104 ergo,
383 2072 403 2095 en
415 2064 477 2104 purte
491 2062 667 2104 plicintesmntrnn,
686 2063 821 2096 intellectualis

64 2114 150 2157 operatio
168 2125 179 2148 a
196 2114 305 2158 cognitione
323 2116 416 2150 sensitiva
435 2116 577 2158 praeexistente
597 2119 693 2150 causatur.
721 2116 759 2150 Sed
775 2117 821 2160 quia

64 2169 200 2210 phantasmata
214 2178 254 2202 non
266 2168 367 2203 sufiiciunt
379 2170 403 2203 ad
415 2169 559 2203 immutandum
570 2170 688 2204 intellectum
700 2170 821 2213 possibilem,

65 2223 99 2256 sed
109 2225 190 2265 oportet,
199 2223 252 2266 quod
260 2223 309 2256 fiant
316 2223 444 2266 intelligibilia
453 2226 496 2257 actu
504 2233 539 2266 per
547 2223 666 2258 intellectum
674 2227 768 2267 agentern,
780 2234 821 2257 non

64 2279 129 2318 potest
144 2277 185 2318 dici,
202 2277 254 2319 quod
270 2277 367 2312 sensibilis
383 2278 467 2320 cognitio
483 2277 508 2311 sit
519 2278 584 2312 totalis
596 2281 615 2311 et
626 2278 712 2320 perfecta
724 2288 781 2312 causa
793 2279 822 2311 in·

64 2331 177 2365 tellectualis
190 2331 311 2374 cognitionis,
324 2332 358 2365 sed
371 2331 434 2375 magis
446 2332 591 2374 qriodainmodo
603 2335 633 2366 est
644 2333 732 2366 11010110
741 2342 821 2366 000000.

129 2417 156 2451 lin
168 2427 284 2450 1111111100
296 2429 377 2451 11011111
391 2419 444 2461 quod
459 2418 509 2452 circa
520 2418 571 2452 idem
585 2418 648 2452 virtus
661 2418 752 2461 superior
763 2421 782 2452 et
793 2419 822 2452 in·

64 2471 124 2505 ierim·
139 2475 251 2514 operantur,
265 2482 305 2506 non
320 2472 414 2515 similiter,
431 2473 465 2506 seu
480 2473 570 2515 superior
586 2473 695 2506 sublimius.
718 2473 773 2507 Unde
785 2482 823 2515 per

64 2525 153 2566 formam,
166 2535 215 2568 quae
227 2535 237 2559 a
250 2526 309 2560 rebus
322 2526 419 2568 accipitur,
436 2536 506 2560 sensus
521 2536 560 2560 non
572 2526 599 2560 ita
610 2526 714 2560 efficaciter
724 2536 765 2560 rem
778 2536 822 2570 cog·

64 2578 131 2620 noscit,
144 2579 193 2613 sicut
205 2577 318 2613 intellectus.
342 2581 391 2614 Nam
404 2590 474 2614 sensns
486 2590 521 2622 per
533 2589 575 2613 eam
590 2580 728 2614 manmiucitur
743 2581 763 2614 iu
778 2591 823 2624 cog-

64 2633 157 2667 nitionem
166 2634 286 2668 anteriorum
293 2634 432 2677 (recidentium,
443 2634 551 2668 intellectus
558 2643 606 2667 vero
612 2634 701 2676 pervenit
709 2636 736 2669 cul
743 2636 821 2669 01111011
