1846 3062
303 138 409 178 putasne
421 139 451 171 ΧΠ
473 139 595 172 ARTIGULUS
606 139 621 171 ll
814 129 838 166 bl

84 244 156 275 rerum,
169 237 191 268 ut
202 235 257 268 Plato
269 234 323 268 dixit.
342 235 409 277 Neque
421 236 490 277 obstat,
503 236 555 278 quod
564 245 603 269 una
610 245 642 269 res
651 235 718 269 multis
727 234 839 269 nominibus

85 288 211 330 significatur,
232 288 277 331 quia
294 289 352 322 unius
370 288 399 322 rei
415 292 499 331 possunt
516 299 559 324 esse
577 290 648 324 multae
667 289 803 323 similitudines
821 292 840 323 et

86 341 174 375 similiter
186 352 210 376 ex
221 342 305 376 diversis
318 343 470 385 proprietatibus
483 346 566 385 possunt
578 343 611 377 uni
623 343 651 377 rei
667 343 746 377 diversa
761 343 840 376 nomina

85 395 164 437 imponi.

151 449 233 483 Nomina
249 450 300 484 enim
315 452 361 484 51111
376 450 479 493 duplicia:
498 451 591 493 quaedam
606 451 721 494 priniitieu,
740 461 751 484 a
767 450 839 493 quibus

85 503 208 538 deducuntur
216 504 261 545 alia;
271 504 366 547 quaedam
375 513 422 538 vero
431 505 551 539 clerieotiea.
568 506 656 544 Quorum
665 505 731 547 priora
739 505 840 547 imponere

85 568 124 592 non
139 561 169 591 est
183 558 262 592 difficile
276 568 311 592 nec
326 558 408 601 requirit
422 568 513 601 magnam
529 559 627 592 seientiam
644 570 716 593 rernm.
739 560 789 593 Nam
806 559 841 592 im-

85 615 185 654 ponuntur
197 611 276 645 omnino
288 612 312 645 ad
324 612 421 654 placitum.
444 613 577 646 Posteriorrun
589 622 636 647 vero
647 613 746 656 impositio
758 613 841 655 requirit

85 676 183 708 increpitum
198 666 304 700 scientiane
319 676 392 700 1111111,
416 666 493 700 Horum
508 667 559 700 enim
575 667 669 701 derivatio
684 677 724 701 non
739 667 803 701 solum
817 667 841 700 fit

86 730 121 762 per
138 719 242 754 flexionem
260 720 345 762 plurium
361 720 467 762 nominum,
486 720 535 754 sicut
550 721 575 755 ab
590 721 668 755 homine
684 722 788 763 humanus,
806 721 841 754 sed

86 774 142 808 etiam
158 773 200 808 aliis
215 774 288 809 modis:
305 774 398 808 nimirum
413 774 516 817 aliquando
532 785 567 817 per
579 775 777 818 treniaciinlptioncm,
794 778 841 818 puta

86 839 121 871 per
128 831 249 871 comparatas
257 829 381 863 habitudines
391 832 409 862 et
416 829 523 871 analogiam
533 829 636 873 aliquando
643 839 678 871 per
684 829 841 864 siliiilituclinem

86 883 175 926 aliquam,
191 886 209 917 et
224 883 327 926 aliqnando
342 894 377 926 per
392 884 524 918 eontrarium,
549 885 573 918 Et
589 884 676 918 similiter
691 883 795 927 aliquando
811 883 842 917 de-

87 940 192 972 sumuntur
204 938 283 972 11111111
295 948 319 972 ex
330 938 404 972 actione
417 939 449 980 rei,
462 939 566 981 aliqnando
578 948 602 972 ex
614 941 657 972 actu
669 941 688 972 et
700 939 770 972 effectu
779 938 810 972 vel
818 948 842 971 ex

86 992 239 1035 proprietatibus
251 992 279 1025 rei
291 995 310 1026 et
321 992 452 1027 accidentibus
465 992 594 1027 exterioribus
607 994 638 1027 vel
649 1003 674 1026 ex
686 992 841 1032 circumstantiis,

86 1049 133 1089 puta
148 1047 178 1080 vel
193 1056 204 1080 a
218 1049 306 1089 tempore
320 1047 351 1080 rel
366 1056 377 1080 a
392 1047 505 1089 cognatione
520 1047 551 1081 rel
568 1048 592 1081 ab
608 1049 678 1081 eventu
693 1047 724 1081 rel
739 1056 762 1080 ex
778 1046 842 1089 aliqua

86 1100 178 1142 qualitate
193 1100 240 1142 eius,
256 1101 286 1134 cui
302 1110 372 1134 nomen
384 1101 496 1143 imponitur,
509 1104 530 1134 111
542 1101 636 1144 contingit
647 1101 668 1134 in
680 1100 792 1135 nominibus
805 1100 843 1134 sin-

87 1154 185 1197 gularium
193 1155 300 1197 bominum,
309 1155 340 1189 uel
348 1155 427 1189 demum
436 1156 460 1189 ab
469 1156 533 1198 aliqua
541 1156 632 1198 qualitate
642 1155 736 1189 (livinitus
745 1164 842 1195 concessa,

87 1212 108 1242 ut
120 1208 181 1242 estin
193 1208 305 1243 nominibus
317 1208 411 1243 divinitus
422 1209 525 1251 impositis.
549 1210 604 1243 Unde
619 1208 728 1243 necessario
741 1209 812 1242 debent
824 1211 843 1242 et

87 1266 167 1297 naturae
180 1273 246 1296 rerum
258 1266 277 1297 et
288 1263 324 1296 alia
336 1263 392 1306 plura
405 1264 495 1306 cognosci
507 1264 531 1297 ad
543 1264 584 1303 hoc,
600 1267 622 1297 ut
636 1263 749 1297 huiusmodi
764 1262 843 1296 nomina

88 1318 148 1350 rebus
160 1316 290 1360 imponantur.

75 1411 77 1420 ,
153 1372 271 1405 Formantur
279 1374 343 1405 antem
353 1381 410 1405 voces
421 1371 560 1414 significativae
568 1372 595 1405 uel
602 1372 642 1413 boc,
654 1373 675 1405 111
681 1372 739 1404 homo
746 1369 843 1412 exprimat

88 1425 130 1459 aliis
143 1435 189 1459 suos
201 1428 306 1467 conceptus
317 1425 410 1459 internos.
430 1426 478 1459 Nam
492 1426 508 1459 si
519 1426 578 1459 bomo
590 1428 642 1459 esset
649 1424 763 1459 naturaliter
772 1423 843 1457 animal

88 1479 201 1520 solitarium,
214 1479 327 1513 sufficerent
338 1479 376 1521 ipsi
388 1479 489 1521 passiones
502 1480 566 1520 animi,
583 1480 655 1522 quibus
667 1479 716 1521 ipsis
728 1479 788 1512 rebus
801 1488 843 1511 eon·

87 1533 211 1575 formaretur,
226 1536 248 1567 ut
262 1543 329 1567 earum
344 1533 432 1567 not'tiam
447 1533 467 1567 in
483 1543 503 1567 se
518 1534 603 1568 haberet.
627 1534 664 1567 Sed
680 1533 725 1575 quia
739 1534 798 1566 bomo
814 1534 844 1566 est

89 1587 169 1621 ciiiiinul
187 1588 434 1630 1111111111·1111111111
449 1591 467 1621 et
481 1588 561 1630 sociale,
579 1597 658 1621 necesse
672 1587 714 1628 fuit,
733 1587 786 1629 quod
801 1596 844 1620 eon-

88 1642 185 1683 ceptiones
204 1642 261 1675 unius
278 1641 362 1675 hominis
380 1642 523 1675 innotescerent
540 1641 588 1675 aliis.
612 1642 668 1680 Quod
682 1641 706 1674 fit
720 1650 755 1683 per
771 1650 844 1675 rocem.

89 1696 114 1728 Et
125 1696 168 1729 ideo
180 1705 258 1730 necesse
270 1696 311 1737 tuit,
324 1705 367 1729 esse
380 1705 437 1729 voces
450 1695 589 1738 significativas
602 1696 626 1729 ad
638 1696 679 1734 hoe,
692 1695 744 1738 quod
755 1694 844 1728 homines

88 1750 170 1783 invicem
183 1750 314 1783 convenirent.
334 1750 421 1784 Rursum
433 1759 480 1784 vero
493 1750 509 1783 si
521 1750 579 1783 homo
588 1752 676 1783 uteretur
685 1750 725 1783 sola
734 1749 844 1792 cognitione

89 1803 187 1844 sensitiva,
205 1813 254 1846 quae
269 1804 348 1845 respicit
363 1803 425 1837 solum
441 1803 471 1837 hic
487 1806 505 1836 et
521 1813 577 1844 nunc,
596 1803 694 1837 sufficeret
710 1803 747 1837 sibi
762 1803 786 1836 ad
801 1812 844 1835 eon·

88 1857 195 1891 vivendum
210 1857 252 1890 aliis
268 1867 306 1891 vox
321 1856 455 1899 significativa,
471 1858 521 1891 sicut
535 1861 554 1890 et
566 1857 646 1891 caeteris
659 1857 780 1897 animalibus,
795 1865 844 1899 quae

89 1920 124 1953 per
136 1912 231 1954 quasdam
243 1920 301 1945 voces
313 1920 359 1945 suas
371 1910 505 1953 conceptiones
519 1911 556 1944 sibi
565 1911 647 1945 invicem
656 1911 786 1944 manifestant.
806 1910 844 1944 Sed

89 1965 134 2007 quia
145 1966 204 1998 homo
216 1965 273 1998 etiam
285 1965 346 1998 11111111·
361 1965 496 1999 intellectuali
509 1965 628 2007 copultioue,
645 1974 694 2007 quae
709 1963 806 1998 abstrahit
820 1965 844 1997 ab

89 2020 119 2053 bic
131 2022 149 2053 et
158 2029 214 2061 nunc,
226 2019 352 2062 consequitur
361 2019 426 2061 ipsum
435 2019 544 2053 sollicitudo
552 2029 592 2053 non
602 2019 665 2053 solum
675 2019 698 2053 (le
706 2018 844 2061 praesentibus

90 2074 196 2107 secundum
208 2073 271 2107 locum
283 2076 302 2106 et
313 2076 396 2115 tempus,
412 2073 446 2106 sed
461 2073 518 2106 etiam
534 2073 557 2106 de
572 2073 607 2114 bis,
624 2082 673 2116 quae
688 2073 761 2107 distant
772 2073 814 2106 loco
827 2075 845 2105 et

89 2130 182 2169 tempore.
204 2127 259 2161 Unde
274 2130 296 2160 ut
310 2127 368 2161 homo
384 2137 429 2161 suas
445 2127 578 2169 conceptiones
594 2127 651 2160 etiam
666 2127 702 2168 bis,
720 2127 754 2169 qui
772 2126 845 2161 distant

89 2182 195 2216 secundum
207 2181 270 2215 locum
282 2184 301 2214 et
312 2184 395 2224 tempus,
410 2181 525 2222 manifestet,
539 2181 662 2215 necessarius
673 2181 711 2214 fuit
722 2191 769 2214 111111
781 2181 844 2223 scrip·

90 2239 153 2270 111111.

155 2290 180 2323 Et
195 2290 222 2323 sic
234 2289 359 2323 manifestum
373 2293 408 2331 est,
423 2290 476 2332 quod
491 2288 570 2322 nomina
584 2292 603 2322 et
618 2290 678 2323 rerba
694 2288 805 2331 significant
822 2298 846 2322 ex

89 2344 189 2378 hominum
201 2343 329 2377 institutione.

154 2410 180 2443 An
192 2419 254 2441 11111111
265 2419 307 2441 anco
319 2419 398 2441 nrcannun
409 2408 462 2451 quod
474 2417 531 2441 voees
543 2407 591 2448 illae,
604 2417 653 2450 quae
666 2407 779 2440 naturaliter
788 2406 846 2449 signi-

90 2462 149 2496 ficant
161 2463 262 2504 passiones
275 2463 339 2505 animi,
354 2473 397 2497 cum
413 2462 452 2496 sint
464 2462 540 2495 eaedem
556 2462 608 2504 apud
624 2471 696 2500 ornnes,
711 2461 769 2503 louge
778 2465 846 2494 sunta

91 2516 165 2550 ratione
177 2516 262 2550 nominis
274 2519 293 2550 et
304 2516 360 2550 verbi
372 2520 391 2550 et
402 2526 441 2550 non
456 2515 566 2557 significant
581 2525 605 2548 ex
619 2515 714 2556 instituto,
730 2515 779 2549 sicut
794 2518 847 2558 patet

91 2570 111 2603 11
124 2570 220 2604 similibus
233 2570 313 2604 vocibus
326 2573 344 2604 et
357 2570 415 2612 sonis,
427 2572 474 2613 puta
485 2570 504 2603 in
517 2570 594 2612 mugitu
606 2572 624 2602 et
636 2569 708 2611 rugitu.

156 2624 182 2657 An
194 2635 276 2657 saeunnuu
287 2635 367 2657 1111111111
379 2625 432 2667 quod
444 2624 522 2658 nomina
534 2623 625 2657 dicuntur
636 2624 712 2656 naturis
725 2633 792 2657 rerum
804 2633 848 2657 con-

91 2688 167 2720 gruere,
182 2688 222 2711 non
237 2679 282 2720 quia
293 2679 373 2713 nomina
384 2678 497 2713 naturaliter
510 2677 620 2720 significant
632 2680 712 2711 naturas
725 2687 797 2719 rerum,
813 2679 847 2712 sed
