1846 3062
238 185 345 226 QUAESTIO
356 186 408 218 mi
430 186 552 220 ARTICULUS
564 187 572 218 I
743 177 781 214 *ΖΠ

28 286 59 319 cel
70 284 117 317 haec
129 282 215 324 operatio
227 286 257 316 est
268 283 381 318 immamus
392 284 413 317 in
424 286 498 326 agente,
513 286 532 317 et
543 284 623 326 proprie
635 284 706 318 dieitur
719 283 784 317 actio:

29 343 47 374 et
59 338 83 372 ad
95 339 144 371 hanc
156 337 258 371 ordinatur
270 338 349 371 seientia
357 338 424 372 activa
448 339 482 373 Vel
490 341 519 372 est
528 339 633 381 transiens,
647 340 784 372 transmutans

29 391 134 433 materiam,
146 392 165 424 et
176 390 256 433 proprie
268 391 338 426 dicitur
350 392 421 426 factio:
436 395 455 426 et
467 393 492 426 ad
503 393 553 426 hanc
564 392 680 426 ordinantur
693 391 783 426 scientiae

28 446 114 480 factivae.
133 444 237 479 Differamt
248 446 299 479 enim
311 455 369 488 agere
380 449 399 479 et
410 447 478 480 iacere,
499 447 548 479 Nam
561 456 621 489 (tyara
632 449 662 480 est
674 446 782 480 secundum

29 499 160 542 operationem
175 502 285 532 manentem
300 499 320 533 in
334 500 377 542 ipso
392 502 466 543 agente,
485 500 534 534 siout
549 501 625 543 engere,
640 500 748 543 intelligere
764 504 783 533 et

29 553 150 588 huiusmodi:
159 554 211 586 unde
220 552 309 587 scientiae
317 553 390 587 activae
399 554 490 587 dicuntur
499 554 589 588 scientiae
597 554 686 588 morales.
707 555 783 588 Facere

28 611 93 642 auteur
104 609 134 640 est
147 607 254 640 seeundum
266 607 403 649 operationem,
415 617 464 649 quae
477 608 547 641 transit
559 608 645 642 exterius
657 608 681 642 ad
690 607 782 642 materiae

29 660 215 703 transmutationem,
232 660 281 694 siout
296 670 366 703 secare,
381 671 437 695 tuere
453 664 471 695 et
485 661 607 696 huiusmodi:
625 662 677 696 unde
692 660 782 695 scientiae

28 715 110 750 factivae
122 715 213 748 dicuntur
224 717 276 748 artes
288 715 414 749 mechanicae.

93 786 120 823 A'n
131 799 239 822 marmoren
249 800 292 822 racc
303 800 381 822 oremuun
393 790 446 832 quod
457 791 559 833 regnativa
571 794 601 824 est
613 790 687 834 speeies
699 790 782 833 politiae,

29 848 50 880 ut
61 844 132 878 dicitur
143 845 153 878 3
165 844 224 878 Porta
237 854 252 878 θ.
264 847 274 878 5
286 847 305 878 et
316 845 326 878 8
338 844 402 879 atate.
416 853 430 878 c.
443 845 468 883 10,
483 845 535 879 uude
547 845 572 878 ad
584 844 659 879 eivilem
672 844 781 885 reducitur;

30 898 117 933 similiter
129 900 148 931 et
159 897 254 932 militaris.
276 899 293 932 A
305 899 424 941 Philosopho
436 908 510 940 verum,
526 908 570 932 cum
587 898 782 941 contradistinguitur

29 951 126 995 regnativa
138 954 157 985 et
168 951 257 986 militaris
269 963 280 986 a
292 951 343 987 eiviii
355 955 374 985 et
386 952 512 994 oeconomica,
525 944 632 986 sumuntur
637 952 686 986 istae
695 953 749 994 duae,
761 954 783 985 ut

29 1009 75 1041 sunt
86 1008 152 1048 partes
164 1006 284 1048 prudentiae,
296 1016 335 1040 non
348 1009 412 1039 autem
424 1008 446 1039 ut
458 1008 504 1040 sunt
517 1005 612 1040 scientiae.

307 1170 355 1173 m
359 1155 466 1188 -.κῆ-..φῇ
469 1169 503 1173 ἡ,

180 1313 350 1360 QUAESTIO
367 1313 631 1355 VIGESIMANONA

239 1426 273 1459 DE
285 1426 420 1460 DIVISIONE
434 1425 573 1460 SGIENTIAE
623 1416 625 1418 ’

124 1479 152 1512 ΙΝ
165 1479 405 1513 SUBALTERNANTEM
419 1480 451 1513 ET
464 1478 686 1513 SUBALTERNATAM

271 1587 288 1608 rr
299 1587 375 1612 curruca
385 1587 474 1608 nnrrcnnos
485 1587 540 1608 mvrsa

30 1651 135 1716 &aaron
143 1673 306 1708 considerandum
314 1675 344 1707 est
352 1673 376 1707 de
384 1672 480 1707 divisione
489 1673 579 1707 scientiae
588 1673 608 1706 in
618 1673 783 1707 subalternantem

100 1730 120 1761 et
132 1727 290 1761 subalternatam.

113 1781 168 1816 Circa
179 1781 232 1823 quod
244 1784 366 1824 quaeruntur
377 1783 467 1823 quatuor.

127 1836 202 1869 Primo:
215 1838 282 1868 utrum
295 1834 374 1868 scientia
385 1836 436 1868 recte
449 1834 548 1868 dividatur
558 1834 578 1867 in
587 1835 752 1868 subalternantem
765 1838 784 1868 et

161 1889 318 1923 subalternatam.

128 1943 225 1978 Secundo:
238 1945 305 1977 utrum
317 1941 396 1976 scientia
409 1942 540 1976 subalternam
549 1942 682 1985 distinguatur
692 1942 784 1976 essentia-

157 1997 200 2031 liter
213 2008 224 2030 a
236 1997 386 2030 subalternante.

126 2051 201 2086 Tertio:
211 2053 277 2085 utrum
287 2050 376 2085 scientiae
385 2050 480 2093 practicae
487 2050 645 2085 subalternentur
653 2050 783 2093 speculativis.

128 2107 210 2146 Quarto:
220 2109 286 2140 utrum
293 2104 426 2148 Metaphysioa
435 2105 473 2138 sibi
483 2105 602 2139 subalternet
611 2114 679 2139 omnes
688 2105 784 2139 scientias.

299 2256 422 2290 ARTICULUS
433 2255 513 2289 PRIMUS

225 2357 292 2385 UTRUM
306 2356 392 2385 solarem
406 2355 467 2384 REOTE
481 2355 587 2384 Divinarum

193 2412 214 2439 ΙΝ
229 2410 404 2440 sonanrnnmnrnn
418 2409 441 2438 ΕΤ
456 2409 619 2438 SUBALTERNATAM

29 2503 68 2578 Aa
78 2507 141 2530 aaaron
152 2507 176 2530 sie
187 2507 292 2530 praeamara.
314 2497 396 2531 Videtur
410 2496 463 2539 quod
479 2495 558 2529 scientia
569 2505 609 2529 non
620 2498 672 2529 recte
684 2495 784 2531 dividatur

68 2551 88 2585 in
106 2552 272 2586 subalternamem
288 2554 308 2585 et
325 2551 483 2585 subatternatam.
506 2550 555 2583 Nam
573 2549 675 2584 cuiuslibet
693 2550 784 2585 scientiae

28 2605 145 2649 principium
163 2608 193 2639 est
209 2605 323 2640 intellectus.
347 2606 385 2640 Sed
403 2605 545 2639 subalternatae
563 2603 680 2647 principium
698 2614 738 2639 non
753 2608 785 2640 est

28 2657 142 2702 intellectus,
158 2660 192 2694 sed
203 2660 260 2694 fides.
284 2660 337 2703 Ergo
350 2669 421 2694 nomen
433 2658 523 2692 seientiae
534 2668 574 2692 non
586 2658 677 2701 competit
690 2659 785 2694 subalter-

28 2716 89 2756 natae,
101 2717 120 2748 et
132 2717 272 2757 consequenter
284 2724 323 2748 non
336 2714 372 2748 erit
384 2714 428 2748 talis
440 2712 511 2747 divisio
524 2712 661 2747 convenienter
673 2713 750 2748 tradita.

685 2769 715 2802 14*
