1846 3062
266 169 373 211 QUAESTIO
385 170 421 201 XVI
445 170 565 202 naiteinos
576 169 591 200 l'
768 158 805 195 1⁸29

55 270 224 306 areciretinam
237 268 387 307 correct-trentam
399 267 493 310 principia
505 268 556 301 eninr
569 277 647 301 manere
659 269 741 309 oportet.
764 266 806 299 Non

54 326 104 360 enim
117 327 184 367 posset
195 333 239 356 esse
250 323 315 365 aliqua
328 322 412 355 firmitas
428 322 459 355 vel
475 322 570 355 certitudo
584 322 604 354 iu
619 322 655 362 his,
670 330 720 363 quae
735 323 781 353 sunt
796 329 807 352 a

55 377 160 422 principiis,
172 376 211 410 nisi
222 376 317 418 principia
328 378 394 409 essent
405 375 489 408 tirmiter
501 375 590 408 stabilita.
615 376 639 408 Et
650 375 695 408 inde
707 377 742 415 est,
754 373 807 415 qued

55 431 119 465 omnia
131 429 231 463 mutabilia
242 430 363 462 reducuntur
374 429 398 461 ad
411 429 489 470 aliquod
501 429 586 470 primum
598 428 706 468 inunobile;
722 428 766 460 inde
778 430 808 460 est

56 486 117 526 etiam,
134 483 187 526 (111011
202 483 266 516 omnis
279 482 368 524 specifica
379 481 463 524 cognitio
476 482 576 515 derivatur
588 483 612 515 ab
624 482 688 524 aliqua
700 481 808 514 certissima

56 538 169 581 cognitione,
182 536 232 569 circa
243 545 302 578 quam
314 545 370 568 error
382 544 475 568 essenon
488 537 560 577 potest:
573 545 622 576 quae
634 538 664 569 est
676 534 760 577 cognitio
771 534 809 576 pri-

56 601 133 627 morum
145 590 286 633 principiorum
299 588 444 623 urtiuersaliurn.

125 669 206 710 Qrtorto,
226 667 271 711 quia
286 677 330 701 cum
345 668 419 710 cleptat
434 667 459 700 sit
477 666 563 709 operatio
580 666 692 708 intellectus,
710 669 732 700 ut
750 676 810 709 supra

58 726 129 760 dictum
142 727 177 765 est,
189 733 236 764 tttttt,
253 733 291 765 qua
307 722 410 765 cognoscit,
426 722 480 764 quod
495 721 541 764 quid
557 724 591 760 est,
606 732 655 765 [puae
670 725 751 755 vocatur
762 720 811 754 incli-

58 779 164 814 visibilium
184 777 314 820 intelligentia,
335 777 385 818 0110,
406 786 445 819 qua
465 776 563 818 componit
583 778 602 809 et
618 776 693 818 diuidit,
710 776 730 809 in
747 775 811 818 prima

58 834 136 877 quidem
152 831 263 874 operatione
277 834 307 865 est
321 830 394 873 aliquid
410 830 501 873 primum,
520 830 572 872 quod
587 830 638 863 cadit
652 830 673 863 in
688 829 811 872 conceptione

58 887 171 925 intellectus,
184 895 209 918 sc.
221 886 262 927 hoc,
274 885 327 927 quod
339 884 381 917 dico
394 894 437 924 erem
449 893 484 917 11θο
496 884 568 926 aliquid
580 884 616 917 hae
627 884 739 926 operatione
748 885 812 925 potest

59 940 138 981 concipi,
150 939 188 972 nisi
199 939 318 981 intelligatur
330 947 370 971 ens.
394 938 418 970 Et
433 937 479 979 quia
494 937 531 970 hoc
545 937 672 979 principium:
687 936 813 979 irreposcibile

60 992 359 1028 11111110111111111111111110011
375 1001 418 1033 esse,
435 991 531 1032 dependet
545 1000 569 1023 ex
583 990 681 1023 intellectu
697 990 752 1029 eutis,
769 990 813 1023 ideo

60 1049 96 1080 hoc
107 1045 224 1088 principium
240 1048 270 1078 est
284 1044 410 1078 risttorottto'
422 1044 518 1086 priniana,
535 1044 555 1076 in
568 1044 652 1077 seeumla
665 1054 689 1077 sc.
702 1043 813 1086 operatione

60 1101 167 1133 intellectus
180 1099 313 1141 componentis
328 1101 347 1131 et
361 1098 475 1139 dividentis
492 1107 526 1131 nec
543 1098 612 1140 aliquis
627 1100 692 1140 potest.
707 1097 813 1131 secundum

61 1156 109 1197 hanc
124 1153 254 1197 operationem
274 1152 347 1196 aliquid
363 1152 474 1195 intelligere,
492 1152 530 1186 nisi
547 1152 583 1186 hoc
600 1152 696 1195 principio
713 1152 814 1186 intellecto.

62 1210 114 1245 Sicut
126 1209 177 1244 euim
186 1221 203 1244 v.
213 1220 231 1253 g.
239 1212 301 1243 totum
314 1211 332 1242 et
344 1211 409 1252 partes
418 1218 457 1242 non
465 1208 604 1251 intelliguntur,
616 1208 654 1242 uisi
662 1208 758 1242 intellecto
765 1211 814 1250 ente,

62 1266 87 1299 ita
99 1275 134 1299 nec
145 1266 181 1299 hoc
193 1264 319 1307 principium:
335 1274 393 1298 conte
408 1266 471 1298 totam
486 1266 514 1297 est
530 1264 597 1298 artatus
609 1274 647 1297 stra
656 1266 721 1306 patrie,
738 1263 776 1297 nisi
787 1263 815 1296 iu·

62 1321 136 1353 adiecto
152 1319 250 1362 praedicto
267 1318 362 1361 principio
376 1318 497 1352 firmissimo.
522 1319 546 1351 Et
561 1318 613 1352 idem
629 1319 732 1352 dicendum
746 1321 776 1351 est
791 1318 815 1351 de

62 1374 153 1407 omnibus
165 1372 265 1415 principiis
278 1372 363 1415 propriis
376 1371 505 1406 scientiarum.
524 1373 573 1405 Nam
585 1376 665 1406 eatenus
677 1373 723 1406 haec
732 1372 816 1415 gignunt

64 1428 168 1467 scientiam,
180 1430 276 1469 (priatenus
289 1436 323 1468 per
336 1426 474 1468 experientiam
490 1426 608 1459 universalia
622 1426 717 1468 principia
732 1426 770 1459 illis
785 1436 817 1468 ap-

63 1482 163 1523 plicantur,
175 1483 258 1513 utuntur
270 1480 320 1513 enim
332 1480 459 1521 particulares
472 1480 562 1512 scientiae
573 1480 643 1521 primis
653 1484 672 1512 et
680 1480 817 1513 communibus

64 1534 164 1576 principiis
177 1533 319 1575 particulariter
331 1532 418 1574 acceptis,
435 1535 453 1565 et
469 1535 565 1574 quatenus
577 1533 704 1566 includuntur
716 1533 747 1566 vel
759 1533 818 1566 maui-

65 1590 160 1620 icstautur
172 1587 251 1627 inclusa,
263 1589 285 1619 ut
296 1586 368 1619 dictum
381 1589 415 1625 est,
428 1588 447 1618 et
459 1595 526 1618 eorum
538 1586 616 1618 termini
624 1586 705 1628 intelligi
714 1589 818 1628 nequeunt,

64 1641 100 1674 nisi
115 1641 172 1673 simul
184 1639 302 1682 intelligatur
314 1649 354 1672 ens.

131 1705 196 1740 Prima
208 1709 272 1740 autem
284 1704 379 1749 principia
392 1708 437 1739 sunt
448 1705 505 1739 nobis
517 1705 631 1739 naturaliter
643 1705 709 1748 indita,
724 1716 762 1740 uon
777 1717 820 1750 per·

66 1762 127 1796 tinent
136 1772 183 1796 vero
192 1762 216 1795 ad
225 1761 309 1804 aliquam
319 1760 420 1804 specialem
429 1761 539 1804 potentiam,
549 1761 583 1795 sed
591 1762 616 1795 ad
623 1761 724 1804 specialem
731 1762 819 1796 habitum

66 1818 179 1858 naturalem,
198 1816 231 1859 qui
248 1816 318 1849 dicitur
334 1816 447 1850 irrtellectne
460 1816 613 1859 principiorum
631 1819 649 1850 θῖ
666 1827 705 1859 quo
720 1818 778 1851 homo
796 1827 820 1851 ex

66 1872 138 1905 rirtutc
156 1871 235 1904 luminis
251 1871 359 1903 intellectus
377 1870 452 1911 agentis
470 1871 595 1904 rtottnoliter
611 1871 710 1913 cognoscit
725 1871 820 1914 principia

66 1925 251 1959 imiemonstrabilia.
275 1924 324 1958 Sunt
336 1924 387 1957 enim
399 1924 419 1957 in
431 1924 542 1958 hominibus
555 1924 614 1967 aliqui
626 1925 704 1959 habitus
721 1926 820 1959 naturales

68 1983 166 2022 tamqnam
177 1979 247 2022 partim
257 1989 267 2011 a
276 1981 346 2012 natura
355 1979 460 2012 existentes
470 1982 488 2011 et
497 1979 568 2021 partim
580 1980 604 2012 ab
613 1979 705 2013 exteriori
716 1980 821 2022 principio:

69 2034 118 2067 sieut
129 2034 237 2066 intellectus
250 2032 390 2074 principiorum
399 2032 469 2065 elicitur
477 2042 520 2065 esse
528 2032 606 2066 habitus
616 2033 716 2066 nattu'alis.
736 2035 764 2067 Ee
775 2035 822 2077 ipso

70 2088 123 2120 1111111
135 2089 212 2120 occiano
224 2086 306 2119 (1111111110
321 2086 465 2119 intellectualis
481 2086 573 2119 cotcoenit
589 2087 671 2129 leontini,
688 2088 741 2129 quod
757 2088 822 2121 statim

69 2141 151 2181 cognito,
159 2139 206 2181 quid
216 2142 246 2172 est
255 2142 316 2172 totum
327 2142 345 2172 et
354 2139 401 2181 quid
410 2142 439 2171 est
448 2149 500 2180 pars,
513 2143 622 2181 cognoscat,
634 2142 687 2182 quod
695 2151 752 2174 onnte
760 2144 822 2174 totum

68 2197 98 2225 est
109 2193 172 2226 maius
185 2202 220 2225 sua
232 2196 295 2234 parte,
311 2194 330 2225 et
346 2192 407 2225 simile
422 2195 452 2225 est
466 2192 486 2224 in
501 2192 587 2226 caeteris.
611 2193 649 2227 Sed
664 2194 710 2236 quid
724 2194 748 2227 sit
760 2198 823 2228 totum

69 2251 87 2280 et
99 2246 146 2289 quid
159 2246 183 2280 sit
195 2257 247 2289 pars,
260 2256 376 2289 cognoscere
388 2256 426 2279 11011
436 2248 505 2288 potest,
517 2246 555 2280 nisi
565 2257 601 2289 per
611 2248 685 2290 species
693 2248 823 2291 intelligibiles

69 2312 80 2334 a
88 2301 257 2344 phantasmatibus
267 2303 359 2344 acceptas,
373 2301 397 2334 Et
405 2303 486 2343 propter
494 2301 530 2334 hoc
537 2301 669 2345 Philosophus
679 2302 698 2336 in
704 2302 744 2337 tine
750 2304 824 2338 Foster.

70 2359 112 2391 tert.
125 2358 161 2391 salt.
175 2358 220 2392 circ.
233 2358 283 2391 tried.
297 2356 386 2399 ostendit,
399 2357 451 2400 quod
463 2356 547 2400 cognitio
560 2357 701 2401 principiorum
713 2359 770 2394 nobis
781 2370 825 2403 pro.

70 2413 123 2446 renit
135 2424 156 2447 ea
167 2424 231 2447 serico.

136 2490 245 2532 Proprium
258 2500 304 2524 vero
317 2493 346 2524 est
358 2491 429 2524 horum
442 2489 587 2532 principiorum,
602 2492 655 2533 priori
667 2501 708 2525 11011
720 2494 826 2528 1011111111-

72 2553 121 2576 ccaro
132 2544 159 2577 sit
172 2554 195 2577 eo
204 2554 242 2586 pet·
253 2554 274 2578 se
284 2555 332 2579 aero
342 2555 385 2586 esse,
399 2545 433 2579 sed
446 2545 507 2578 ctiam
515 2555 595 2582 ,caecasse
603 2548 631 2579 eet
639 2545 709 2587 cistert,
724 2548 777 2589 ottod
785 2549 827 2582 sint

68 2607 107 2640 per
118 2608 138 2631 se
150 2608 203 2631 nero.
227 2599 296 2632 Nullus
309 2599 360 2632 eninr
371 2602 435 2641 potest
447 2598 524 2641 opinari
536 2599 633 2632 contraria
647 2609 720 2634 eorum.
743 2602 827 2636 Necesse

72 2655 101 2684 est
113 2651 173 2694 igitur
184 2662 223 2685 non
236 2653 299 2686 solum
311 2653 358 2687 illud
370 2653 487 2695 principium
502 2663 537 2695 per
550 2662 570 2686 se
582 2653 648 2695 ipsum
660 2663 708 2696 esse,
724 2656 758 2689 sed
770 2656 827 2689 etiam

72 2705 154 2739 ulterius
166 2715 245 2740 neeesse
257 2710 291 2747 est,
304 2707 371 2749 ipsane
383 2707 453 2741 videri.

105 2769 197 2801 Englert,
205 2770 256 2795 Prima
266 2771 302 2796 Pars
311 2771 366 2796 Suram.
375 2771 431 2797 Philas.
440 2771 454 2797 S.
463 2770 515 2797 Tirom.
524 2771 552 2803 dq.
753 2765 763 2797 9
