1846 3062
396 130 502 170 Quaestio
514 130 544 162 Xll
822 121 848 158 89

93 219 253 270 praedicamenta.
273 228 330 261 Recte
342 226 402 270 igitur
414 227 486 260 habere
497 227 577 269 ponitur
589 227 728 269 aPhilosopho
738 227 789 260 inter
796 230 849 269 post-

93 280 253 323 praedicamenta,
266 291 315 324 quae
327 280 406 315 diversa
417 290 484 314 rerum
495 290 567 323 genera
579 283 731 324 consequuntur.

160 334 219 368 Cuius
231 335 303 369 habere
315 337 358 369 octo
370 337 416 368 suut
427 334 481 368 modi
492 334 555 377 inagis
567 335 637 368 famosi
652 338 671 369 et
683 334 775 368 consueti.
799 335 849 368 Nam

90 388 159 430 priano
172 389 216 430 quis
228 389 299 422 dicitur
310 390 382 423 habere
394 389 511 431 qualitatem,
526 392 548 422 ut
563 389 667 430 scientiam,
682 389 775 422 virtutem
791 391 809 422 et
825 389 850 422 si-

93 441 150 476 milia.
167 442 258 477 Sccmzdo
267 443 399 485 quantitatem,
408 445 455 484 puta
464 442 587 477 bicubitalem
596 444 626 477 vel
635 443 770 477 tricubitalem.
783 442 848 476 Tertio

93 505 120 537 ea,
132 506 181 538 qnae
189 496 276 530 adiacent
284 496 319 530 toti
327 496 409 537 corpori
421 499 443 529 ut
452 499 531 530 vestem.
554 496 630 536 Quarto
639 506 688 539 quae
696 497 784 530 adiacent
791 497 849 539 parti,

93 552 115 583 ut
127 550 219 583 annulum
231 550 251 583 in
263 550 329 592 digito.
351 549 425 590 Qttirtto
438 551 554 591 membrum,
566 553 588 583 ut
599 560 683 591 manum,
696 550 770 592 pedem.
790 550 848 584 Sento

94 606 210 641 contentum.
222 604 320 647 quomodo
332 604 400 646 lagena
412 604 470 638 habet
481 604 549 637 vinum
561 607 580 637 et
591 605 668 638 modius
681 604 766 637 triticum
778 607 797 637 et
807 604 850 637 uni-

94 658 195 691 versaliter
207 658 307 692 continens
319 660 435 691 contentum.
459 657 548 699 Septimo
560 658 640 691 domum
655 658 686 691 vel
697 657 849 699 possessionem.

97 712 170 746 Octavo
182 721 265 745 uxorem
276 712 308 745 vel
319 711 393 745 virum:
406 711 440 753 qui
452 714 564 753 postremus
572 712 643 745 modus
651 714 681 745 est
689 712 776 745 omnium
786 721 850 744 remo·

94 765 192 807 tissinrus;
208 766 256 799 uihil
268 765 319 799 eninr
331 765 383 799 alind
396 768 426 798 est
439 765 504 799 virum
518 765 590 799 habere
606 774 692 807 uxorem,
711 774 769 807 quam
784 764 849 798 virum

94 830 132 853 una
145 830 187 853 cnm
200 829 261 853 uxore
273 819 366 853 habitare.

156 867 220 908 'Ratio
238 875 302 908 autem
317 873 375 907 huius
390 872 467 906 numeri
482 882 525 907 esse
539 875 609 915 potest,
627 873 672 915 quia
689 874 761 907 habere
779 872 850 906 dicitnr

95 928 209 971 tripliciter.
232 928 301 962 Primo
313 938 350 970 pro
362 937 384 961 eo
397 928 449 970 quod
461 930 491 961 est
503 928 574 962 clttcere
586 927 658 970 aliquid
671 927 778 961 secundum
794 936 849 960 suam

94 985 184 1016 naturam
196 983 216 1016 in
228 984 287 1017 rebus
299 982 421 1016 naturalibus
434 982 464 1015 vel
476 983 583 1016 secundum
593 991 650 1016 suum
658 981 753 1024 impetum
761 981 781 1014 in
789 983 850 1015 rebus

94 1037 215 1079 voluntariis
232 1037 330 1079 quomodo
347 1037 408 1070 febris
426 1036 496 1070 dicitur
513 1037 585 1070 habere
600 1036 700 1070 hominem
717 1038 736 1069 et
753 1039 850 1079 tyrannus

95 1091 201 1125 civitatem:
216 1094 235 1125 et
250 1092 274 1124 ad
289 1092 341 1124 huno
352 1091 432 1124 modurn
444 1090 544 1124 reducitur
556 1091 630 1132 tertius,
646 1094 733 1133 quartus⁷
749 1090 850 1132 septimus,

95 1147 180 1179 octavus.
203 1146 295 1180 Secundo
306 1155 343 1188 pro
355 1155 382 1187 eo,
398 1146 450 1188 quod
462 1146 575 1179 esthabere
589 1146 609 1179 tu
621 1155 641 1179 se
653 1145 759 1180 subiectire
771 1144 849 1187 aliquid,

95 1200 193 1241 quomodo
205 1209 237 1233 aes
249 1200 307 1233 habet
319 1199 402 1241 speciem
415 1201 498 1233 statuae:
514 1202 533 1233 et
547 1199 571 1232 ad
587 1199 639 1232 hunc
653 1200 733 1233 modum
748 1198 849 1233 reducitur

95 1253 171 1296 primus
183 1257 202 1287 ct
214 1255 316 1288 secundus.
336 1253 401 1287 Tertio
410 1262 446 1295 pro
458 1263 485 1294 eo,
498 1254 550 1295 quod
562 1256 592 1287 est
600 1254 701 1287 coritium-e
712 1254 732 1286 iu
742 1263 762 1286 sc
770 1253 850 1295 aliquid,
889 1262 890 1265 ¹

95 1308 193 1349 quomodo
204 1308 273 1351 lagena
284 1308 342 1341 habet
354 1317 433 1350 aquam:
446 1309 465 1341 et
473 1307 497 1340 ad
505 1308 557 1341 hunc
565 1308 646 1341 modum
654 1308 753 1341 reducitur
762 1308 849 1350 quintus,

96 1371 134 1404 quo
146 1364 209 1395 totum
220 1363 279 1396 habet
290 1364 361 1405 partes,
374 1364 392 1395 et
405 1365 477 1395 sextus.

160 1438 186 1471 An
198 1447 306 1470 ancunmrun
317 1447 359 1469 anco
371 1447 450 1469 nronnouu
465 1437 517 1480 quod
532 1438 609 1479 habere,
626 1437 675 1471 sicut
687 1441 706 1471 et
717 1437 801 1479 habitus,
816 1438 850 1480 qui

95 1493 119 1526 ab
131 1492 220 1526 habendo
232 1491 307 1533 dicitur,
323 1492 433 1534 tripliciter
445 1492 534 1525 sumitur.
558 1492 626 1526 Primo
638 1492 776 1525 communiter:
792 1494 810 1525 et
823 1484 852 1525 sic

95 1548 125 1579 est
136 1546 187 1580 inter
198 1546 404 1589 postpraedicamenta.
428 1545 519 1580 Secundo
531 1549 553 1579 ut
564 1549 594 1580 est
606 1547 704 1589 quoddam
717 1547 803 1580 medium
815 1556 851 1589 per

95 1600 176 1634 modtun
184 1600 264 1634 actionis
274 1602 293 1634 et
300 1600 399 1642 passionis
406 1600 457 1634 inter
465 1600 568 1634 habentem
577 1603 596 1634 et
605 1601 702 1634 habitum:
710 1604 729 1635 et
739 1600 766 1635 sic
772 1601 851 1634 habitus

96 1654 195 1688 constituit
206 1664 268 1688 unum
279 1655 375 1697 peculiare
387 1654 570 1697 praedicamentum.
591 1655 655 1689 Tertio
663 1658 685 1688 nt
693 1658 722 1689 est
730 1655 755 1697 id,
768 1655 806 1697 qno
818 1664 851 1688 res

96 1709 144 1742 bene
156 1709 187 1742 vel
199 1709 248 1742 male
261 1718 281 1742 se
293 1709 351 1742 habet
362 1708 383 1741 in
396 1709 459 1751 seipsa
471 1709 502 1742 vel
514 1709 539 1742 ad
551 1709 623 1751 aliquid
635 1709 697 1743 aliud:
710 1713 729 1743 et
738 1709 851 1743 sichabitns

96 1763 191 1805 quaedam
204 1763 287 1805 qualitas
300 1766 360 1796 estet
373 1763 446 1805 species
457 1762 514 1796 illius.

374 1912 571 1944 *sps—‚2-

287 2082 450 2126 QUAESTIO
467 2082 659 2122 DUODECIMA

183 2194 217 2226 DE
230 2193 372 2228 PRINCIPIIS
386 2193 589 2228 ENUNTIATIONIS
602 2194 630 2228 IN
644 2194 765 2229 colinum

357 2302 374 2323 ln
385 2302 424 2323 TRES
435 2301 524 2323 tunicatos
534 2301 590 2323 amsa

96 2369 177 2488 ffjffiosr
185 2389 359 2423 considerationem
368 2390 391 2422 de
400 2389 436 2427 his.
448 2399 497 2432 quae
505 2389 603 2431 pertinent
611 2390 635 2423 ad
643 2389 768 2423 directionem
777 2390 852 2432 primae

96 2427 109 2486 fl
126 2455 141 2490 agi
159 2443 277 2485 operationis
288 2442 402 2485 intellectus,
415 2453 440 2477 se.
449 2444 473 2477 de
486 2443 568 2485 simplici
580 2444 734 2486 apprehensione
747 2453 781 2478 seu
792 2445 816 2478 de
824 2444 852 2478 in·

99 2491 138 2514 ”ff
159 2496 291 2540 telligibilibus
305 2496 430 2540 simplicibus,
443 2497 606 2531 considerandum
619 2500 648 2531 est
660 2498 684 2531 de
695 2497 732 2538 iris,
749 2508 798 2539 quae
809 2508 853 2541 per-

97 2550 158 2584 tinent
169 2551 193 2584 ad
206 2551 331 2585 directionem
344 2552 448 2585 secundae:
461 2552 484 2585 de
496 2551 635 2594 compositione
648 2561 673 2585 sc.
685 2555 703 2585 et
712 2551 808 2586 divisione
818 2563 852 2587 seu

96 2605 120 2638 de
132 2604 268 2639 enuntiatione.
288 2606 313 2639 Εῖ
324 2605 369 2648 qnia
381 2606 445 2639 omnis
458 2605 536 2639 scientia
547 2606 654 2648 praemittit
666 2615 692 2647 ea,
705 2615 754 2648 quae
767 2607 790 2640 de
800 2607 852 2649 prin·
882 2614 883 2617 ’

97 2659 151 2700 cipiis
170 2662 220 2700 sunt
234 2659 306 2701 primo
323 2660 452 2693 consideratio
468 2661 504 2693 erit
520 2660 544 2693 dc
560 2659 660 2702 principiis
678 2661 816 2696 enuntiationis
832 2661 852 2695 in
