1846 3062
231 154 338 195 qulnsrro
349 155 394 187 ruv
416 156 537 189 narremus
548 156 571 187 uv
739 146 763 182 17
766 145 778 183 9

25 259 44 290 11
57 253 169 296 aletapbps.
182 262 196 285 c.
209 254 223 285 7.
244 252 297 295 Ergo
310 252 389 285 scientia
400 262 439 286 non
452 252 576 286 constituitur
588 252 714 295 expluribus
726 252 779 285 habi·

25 310 82 349 tibus,
95 306 129 340 sed
140 309 170 339 est
181 315 233 339 vinus
245 305 328 340 habitus.

89 383 188 415 Rrsromro
199 391 280 413 uvcmnuu
291 382 344 424 quod
353 392 396 415 cum
405 382 484 424 scientia
493 382 518 415 sit
525 381 604 416 habitus
612 382 637 415 ad
645 381 778 424 operationem

25 437 130 476 ordinatus,
139 437 169 468 est
175 435 272 477 perfectio
281 436 376 477 quaedam
384 435 481 478 potentiae
488 435 621 470 intellectivae.
638 435 706 470 Oumis
713 438 778 469 autem

25 489 116 534 perfectio
126 488 299 530 proportionatam·
311 490 329 522 et
341 491 514 523 commmoratur·
529 498 564 523 suo
579 488 699 531 perfectibili.
723 489 778 523 Unde

25 544 74 578 sicut
82 542 167 584 potentia
174 541 295 583 intellectiva,
304 551 347 575 cum
357 541 382 575 sit
389 551 433 584 una,
441 542 466 575 ad
475 542 532 585 plura
541 552 561 575 se
570 543 662 583 extendit,
671 542 778 576 secundum

25 597 77 641 quod
89 594 207 629 conveniunt
217 595 238 628 in
249 604 289 628 uno
301 594 371 637 aliquo,
383 595 394 629 i.
406 605 422 629 e.
433 596 453 629 in
465 596 551 638 generali
563 596 647 638 quadam
659 595 733 629 ratione
746 597 779 629 ob-

24 650 72 692 iectiy
86 649 113 682 ita
128 652 146 682 et
161 648 239 682 habitus
255 649 344 682 scientiae
358 649 383 682 ad
395 650 455 682 multa
468 658 488 682 sc
500 649 590 691 extendit,
607 650 713 683 secundum
725 648 778 691 quod

25 704 96 738 habeut
107 702 195 736 ordinem
207 702 232 735 ad
243 702 322 744 aliquod
333 712 400 744 unum,
412 705 459 744 puta
470 703 495 736 ad
504 712 563 736 uuam
571 703 667 737 rationem
676 703 778 745 specialem

25 755 98 791 obiecti.
123 755 143 789 si
154 764 202 797 ergo
217 755 362 789 consideremus
379 756 467 789 habitum
484 756 573 789 scientiae
590 757 696 790 secuudum
711 766 738 797 ea,
754 756 778 789 ad

24 820 74 854 qum
89 819 110 843 se
124 809 215 850 extendit,
232 808 259 842 sic
273 809 395 843 inveniemus
409 809 429 842 in
441 818 464 843 eo
479 810 583 852 quamdam
598 809 778 852 circumlucentem.

25 864 63 899 Sed
75 863 121 905 quia
132 863 169 896 ista
181 863 312 905 multiplicitas
328 866 357 896 est
368 863 457 897 ordinata
472 864 496 897 ad
508 863 586 906 aliquod
601 874 669 906 ccciccc,
686 864 710 897 ad
725 863 779 906 quod

25 916 157 961 principaliter
172 917 251 960 respicit
269 917 352 958 scientia,
369 917 414 952 inde
432 921 466 960 est,
484 918 537 960 quod
555 917 634 952 scientia
651 921 681 951 est
696 917 778 960 qualitas

26 971 113 1014 simplex,
127 981 167 1005 non
179 972 283 1005 constituta
295 981 319 1005 ex
333 972 423 1014 pluribus
438 972 542 1014 habitibus,
558 971 634 1006 etiamsi
648 973 672 1005 ad
687 972 743 1014 plura
758 981 778 1005 se

25 1025 120 1059 extendat
144 1026 186 1059 Non
198 1026 249 1058 enim
262 1035 282 1059 se
294 1025 380 1059 extendit
392 1026 416 1059 ad
428 1025 460 1059 illa
472 1025 509 1059 uisi
521 1026 541 1059 in
553 1025 621 1059 ordine
637 1026 661 1059 ad
673 1035 740 1067 unum,
755 1034 779 1058 ex

25 1089 64 1121 quo
76 1079 134 1113 habet
145 1079 244 1113 unitatem.

90 1156 116 1189 An
125 1165 233 1188 aacmmvvun
240 1166 282 1189 anco
290 1166 369 1189 uicnvnuu
377 1156 430 1199 quod
439 1156 535 1190 successio
541 1156 562 1190 in
568 1155 692 1199 generatione
700 1155 779 1189 habitus

26 1209 115 1244 scientiae
127 1219 167 1244 non
175 1210 269 1252 contingit
276 1219 300 1244 ex
308 1211 349 1252 hoc,
362 1210 414 1252 quod
422 1220 468 1252 pars
477 1210 518 1244 eius
527 1213 632 1253 generatur
639 1213 685 1253 post
693 1211 778 1252 par-tenu

26 1264 60 1297 sed
75 1273 99 1297 ex
113 1273 141 1307 eo,
159 1264 211 1307 quod
227 1264 334 1299 subiectum
351 1274 390 1298 non
409 1264 474 1299 statim
490 1264 615 1308 consequitur
631 1263 778 1307 dispositionem

25 1317 103 1351 firmam
115 1320 134 1351 et
146 1317 224 1352 difficile
235 1318 332 1360 mobilem,
344 1322 363 1352 et
374 1328 398 1352 ex
410 1328 437 1361 eo,
450 1319 502 1361 quod
513 1318 580 1361 incipit
587 1318 699 1361 imperfecte
707 1328 751 1352 esse
758 1318 779 1351 iu

26 1372 111 1406 subiecto
124 1375 143 1406 et
154 1373 246 1415 paulatim
258 1373 368 1416 perficitur:
384 1373 434 1407 sicut
449 1373 506 1407 etiam
518 1376 548 1407 est
560 1373 583 1407 de
595 1373 637 1407 aliis
649 1372 748 1407 habitibus
761 1375 780 1406 et

25 1418 156 1469 qualitatibus.

288 1644 410 1678 ARTICULUS
422 1644 514 1677 TERTIUS

34 1742 98 1770 UTRUM
112 1742 198 1771 screnum
212 1742 241 1771 Sl'l'
256 1742 338 1771 aturrus
352 1743 479 1772 manusuetus
493 1743 612 1771 lunlclrvvus
626 1742 725 1771 l'EltlTATlS
740 1743 772 1770 REI

285 1797 323 1825 PER
336 1796 430 1825 enormen
445 1796 520 1825 CAUSAM

55 1894 65 1915 υ
77 1893 147 1915 vrunuu
158 1893 182 1916 sic
190 1893 296 1916 puccinum.
315 1883 396 1917 Videtur
405 1884 457 1926 quod
470 1883 549 1917 scientia
560 1893 600 1917 non
612 1883 637 1916 sit
645 1883 723 1917 habitus
731 1882 780 1917 iudi-

26 1893 141 1972 Acativus
157 1938 244 1972 veritatis
262 1938 290 1972 rei
308 1947 343 1980 per
359 1938 460 1981 propriam
477 1947 561 1971 causam.
585 1937 668 1972 scientia
683 1937 740 1977 enim,
758 1939 781 1971 ut

26 1991 81 2025 docet
89 1990 220 2034 Philosophus
233 1992 257 2026 cle
265 1992 346 2035 Lonpit.
356 1994 374 2026 et
381 1993 438 2025 Broc.
450 1991 507 2025 Vitae
515 2001 529 2025 c.
538 1993 554 2033 2,
566 2001 601 2034 per
614 2001 634 2025 se
647 1991 780 2034 corrumpitur

26 2044 127 2079 oblivione.
151 2046 204 2089 Ergo
217 2045 296 2080 scientia
310 2048 340 2080 est
354 2046 374 2079 in
386 2049 441 2089 parte
452 2045 580 2080 memorativa
592 2048 691 2089 tamquam
703 2045 724 2079 in
736 2047 781 2080 sub-

24 2099 78 2133 iecto.
98 2099 136 2134 Sed
148 2110 194 2143 pars
206 2100 334 2135 memorativa
345 2103 375 2135 est
388 2099 486 2134 sensitiva.
506 2100 559 2143 Ergo
572 2099 651 2134 scientia
663 2103 693 2134 est
701 2100 780 2134 habitus

26 2162 96 2188 sensus
107 2154 211 2197 interioris,
225 2164 264 2188 non
276 2157 339 2189 autem
352 2155 466 2189 intellectus.

92 2230 125 2264 San
141 2241 203 2264 conam
217 2242 245 2264 rsv
260 2232 313 2275 quod
328 2231 459 2273 Philosophus
472 2233 480 2264 1
493 2231 567 2265 Foster.
580 2240 594 2264 c.
606 2232 616 2264 2
629 2230 724 2265 definiens
736 2241 780 2273 pro-

25 2284 90 2326 prium
103 2288 166 2319 actum
180 2285 269 2319 scientiae
280 2285 384 2320 habitualis
397 2285 447 2327 dicit,
460 2286 512 2328 quod
524 2288 554 2318 est
566 2294 683 2327 cognoscere
695 2294 736 2318 rem
745 2294 780 2327 per

25 2348 108 2373 oausam.

90 2415 188 2449 Rrsrornro
203 2426 283 2448 nicrvnuu
297 2416 350 2459 quod
364 2415 462 2457 praedicta
474 2414 561 2449 definitio
574 2415 664 2449 scientiae
675 2414 780 2448 habitualis

25 2472 76 2503 recte
88 2470 159 2504 tradita
170 2473 204 2504 est.
223 2470 299 2504 Iudicat
307 2470 357 2504 enim
366 2469 494 2512 quidditatem
503 2468 592 2503 scientiae
600 2468 714 2510 habitualis3
727 2469 781 2511 quod

25 2526 55 2557 est
66 2523 169 2567 proprium
181 2525 244 2559 bonae
256 2524 380 2558 definitionis.

89 2578 119 2613 Ad
126 2578 181 2612 cuius
187 2578 305 2613 evidentiam
312 2578 474 2613 considerandum
482 2581 516 2620 est,
524 2577 577 2619 quod
580 2587 643 2620 penus
647 2576 781 2620 propinquum

26 2631 116 2666 scientiae
128 2635 158 2666 est
170 2632 257 2667 liabitas.
281 2632 366 2667 Habitus
382 2631 432 2666 enim
447 2631 527 2674 proprie
542 2630 612 2665 dicitur
628 2631 716 2674 qualitas,
731 2640 781 2674 quae

26 2686 133 2719 secuudum
145 2696 201 2720 suam
215 2686 311 2720 rationem
325 2686 388 2726 habet,
407 2685 459 2728 quod
473 2694 513 2719 non
528 2685 552 2718 de
566 2684 618 2718 facili
632 2687 781 2728 transmutatur,

685 2740 715 2773 12*
