1846 3062
294 160 400 201 QUAESTIO
412 160 434 192 lx
456 160 578 193 haerentes
589 160 611 192 Vl
804 151 828 187 it

76 268 96 292 se
113 258 176 300 ipsam
194 258 294 300 producat.
319 257 378 292 Cuius
397 257 446 291 ratio
464 260 498 299 est,
517 257 562 300 quia
577 257 683 291 secundnm
697 256 749 290 idem
767 266 830 298 genus

75 321 143 346 causae
155 311 228 354 aliquid
241 311 299 345 simul
310 315 362 346 esset
375 321 433 345 causa
445 314 463 344 et
475 314 580 351 causatum,
596 311 649 354 quod
661 313 691 344 θεῖ
702 310 829 352 impossibile.

74 367 99 399 At
111 375 158 399 vero
169 365 318 398 fundamentum
330 365 429 398 relationis
445 367 474 398 est
486 374 544 398 eausa
554 364 622 406 ipsius.
642 366 690 398 Nam
699 365 724 398 ad
732 364 830 406 producti-

75 428 131 452 onem
145 418 269 458 substantiae,
284 418 398 460 quantitatis
413 421 432 451 et
446 418 544 460 qualitatis
557 418 671 459 producitur
683 417 751 451 relatio
762 417 831 450 identi-

75 470 120 504 tatis
133 470 233 512 specificae
248 471 279 504 vel
295 470 399 513 generieae,
414 471 482 503 relatio
498 470 579 503 effectus
594 471 618 503 ad
634 480 711 504 causam
729 474 748 503 et
762 469 830 503 relatio

75 523 195 565 aequalitatis
215 527 234 557 et
253 523 391 558 similitudinis.
421 523 470 557 Sunt
490 522 541 556 enim
560 524 596 556 hae
616 524 719 557 relationes
738 523 830 566 propriae

75 577 176 620 passiones
193 577 280 619 illarum;
297 577 388 620 propriae
404 587 450 612 vero
467 576 564 619 passionis
580 576 644 612 estin
659 577 726 612 eodem
743 577 830 611 subiecto

76 631 186 674 sustentari,
199 641 210 665 a
222 641 260 675 quo
273 631 374 666 causaliter
386 631 506 674 producitur.

141 687 237 730 Secundo,
248 697 272 721 ex
280 687 397 722 differentia
405 687 455 721 inter
464 686 576 721 relationem
586 690 674 722 creatam
683 689 701 721 et
709 687 829 721 11111111111111.

75 743 124 776 Nam
133 742 179 785 quia
186 742 206 775 111
214 741 286 776 <livinis
294 743 345 776 idem
355 741 434 776 omnino
443 744 473 776 est
481 752 524 776 esse
533 742 637 785 relationis,
651 745 698 785 puta
705 741 829 776 Paternitatis

75 800 94 830 et
105 796 205 836 essentiae,
217 807 261 831 cum
273 797 293 829 in
305 797 376 831 divinis
390 796 415 830 sit
426 799 501 830 tantum
514 807 574 830 unum
586 806 634 839 esse,
646 796 756 831 necessario
765 797 830 830 Pater-

75 851 126 885 nitas
139 852 245 885 seeundum
257 861 298 885 rem
311 852 368 885 dehet
380 860 423 885 esse
434 850 477 894 ipsa
485 850 578 892 essentia;
590 851 642 885 unde
653 850 682 893 fit,
694 854 716 885 ut
724 861 763 885 non
771 850 831 884 iaciat

76 905 235 947 compositionem
250 914 294 939 cum
308 905 345 939 1113.
368 905 392 938 At
407 905 427 937 in
445 905 571 938 relationibus
589 905 658 939 creatis
675 905 727 939 alind
742 909 771 939 est
787 915 830 939 esse

75 959 174 992 relationis
186 962 205 993 et
217 959 342 1001 substantiae,
358 968 407 1001 quae
422 959 507 992 refertur
522 959 546 992 ad
561 959 618 992 aliam
636 959 770 1001 substantiam,
786 969 829 993 curn

75 1016 155 1054 quaest
167 1014 234 1046 eadem
247 1012 314 1055 specie,
327 1013 357 1046 vel
369 1013 393 1046 ad
406 1014 467 1046 Deum
478 1013 594 1047 Creatorem
615 1013 640 1046 Et
651 1013 694 1046 ideo
706 1013 750 1047 talis
762 1013 830 1047 relatio

76 1065 146 1099 dicitur
157 1066 222 1100 inesse
234 1066 359 1107 substantiae,
372 1075 410 1108 qua
421 1066 520 1100 hmdatur.
544 1066 569 1099 Et
584 1067 690 1100 secuudum
706 1068 758 1109 quod
773 1067 829 1109 inest,

75 1119 121 1152 facit
133 1119 293 1161 compositionem
305 1129 349 1153 eum
360 1119 393 1153 illa
405 1123 509 1162 tentanum
521 1120 776 1161 11111111111111111111111111ο;
791 1130 831 1153 non

76 1172 127 1205 enim
136 1183 175 1206 una
182 1182 214 1206 res
223 1176 288 1215 potest
295 1174 359 1206 inesse
367 1173 423 1206 alteri
431 1173 472 1206 sine
481 1173 626 1214 compositione.
641 1174 697 1207 Unde
704 1173 830 1207 manifestum

75 1229 109 1268 est,
122 1227 174 1269 quod
186 1226 253 1260 relatio
265 1226 342 1260 realiter
354 1226 481 1269 distinguitur
493 1236 503 1259 a
514 1227 647 1260 fundamento.

140 1303 167 1335 Ao
178 1312 286 1334 iancuumruu
294 1312 336 1334 ructo
344 1312 424 1334 1111111111
432 1302 488 1343 quod,
493 1301 561 1336 relatio
569 1302 621 1335 aliud
629 1303 692 1344 hahet,
705 1303 725 1335 in
733 1305 830 1345 quantum

76 1359 105 1391 est
117 1357 210 1399 accidens,
223 1359 241 1391 et
253 1356 310 1399 aliud,
322 1356 341 1390 in
354 1359 448 1399 quantum
460 1359 490 1390 est
502 1355 569 1391 relatio
581 1357 612 1391 vel
621 1357 675 1391 ordo.
695 1357 744 1391 Nam
756 1356 830 1399 relatio,

75 1415 97 1446 ut
111 1415 141 1446 est
155 1412 248 1452 accidens,
265 1412 353 1445 inhaeret
368 1412 454 1446 subiecto
469 1414 488 1445 et
499 1411 544 1445 lacit
559 1411 718 1454 compositionem
734 1421 776 1446 cum
792 1412 831 1446 illo.

76 1468 124 1500 Nam
137 1467 240 1500 accidentis
252 1476 295 1500 θεεθ
307 1469 337 1500 θεῖ
349 1466 418 1500 inesse.
442 1467 500 1500 secus
516 1476 568 1508 vero,
585 1467 601 1500 si
613 1466 752 1509 consideretur,
767 1470 789 1500 ut
801 1469 831 1500 est

75 1520 148 1561 relatio,
160 1523 179 1553 et
187 1521 294 1554 seeundum
303 1520 403 1563 propriam
411 1521 511 1554 rationem.
532 1520 563 1554 Sic
571 1521 621 1554 enim
631 1521 694 1555 solum
702 1521 765 1558 hahet,
777 1521 830 1564 quod

76 1573 164 1607 adalind
177 1574 206 1614 sit,
222 1577 241 1608 et
255 1574 296 1607 eius
311 1574 361 1607 ratio
373 1584 412 1607 non
424 1573 529 1616 perficitur,
544 1577 603 1616 prout
615 1574 676 1608 estin
689 1575 780 1616 subiecto,
796 1575 830 1608 sed

75 1630 134 1670 prout
149 1628 224 1662 transit
241 1628 261 1661 iu
276 1628 333 1661 aliud.
357 1629 412 1662 Unde
430 1629 536 1662 secundum
554 1629 654 1671 propriam
672 1630 766 1663 rationem
782 1629 831 1662 nihil

75 1682 130 1723 ponit
141 1681 161 1715 in
174 1682 266 1724 subiecto,
279 1682 313 1715 sed
324 1682 352 1714 illi
364 1685 439 1716 tantum
452 1682 531 1715 assistit.

346 1905 468 1939 narrantes
479 1906 560 1939 SEXTUS

146 2004 207 2033 ernon
220 2004 262 2034 SINT
276 2004 335 2034 heere
349 2004 464 2034 hSSlGNAThE
478 2004 613 2034 rnernlnrares
627 2005 758 2035 nahlrltoann

76 2103 115 2177 Aa
130 2103 192 2125 samon
206 2103 230 2126 sm
244 2103 350 2126 ruocruuun.
372 2093 453 2127 Videtur
468 2093 521 2136 quod
537 2103 576 2128 non
595 2093 634 2127 sint
650 2096 702 2128 reete
719 2094 831 2138 assignatae

121 2147 207 2190 quinque
221 2148 350 2191 proprietates
365 2148 501 2182 relativorum:
518 2158 543 2182 sc
559 2149 611 2191 qtiod
627 2149 711 2183 habeant
728 2149 830 2191 contraria,

75 2202 128 2244 quod
144 2201 250 2244 suscipiant
262 2202 324 2244 magis
339 2205 358 2236 et
372 2202 442 2244 niinus,
460 2202 511 2245 quod
528 2202 617 2236 dicantur
632 2204 656 2237 ad
672 2204 830 2245 convertentiam,

75 2256 128 2297 quod
140 2256 220 2289 relativa
233 2257 339 2290 seeundum
351 2265 394 2290 esse
407 2256 446 2290 sint
458 2256 515 2289 simul
527 2260 602 2298 natura,
617 2260 636 2290 et
651 2258 703 2299 quod
719 2257 757 2291 sint
773 2258 831 2291 simul

76 2309 184 2351 cognitione
196 2312 215 2342 et
227 2309 344 2343 delinitione.
364 2309 414 2343 Dicit
426 2310 476 2343 enim
485 2309 616 2351 Philosophus
625 2310 646 2343 in
654 2311 780 2345 Praedicare.
790 2321 805 2345 c.
815 2314 830 2353 6,

75 2363 128 2405 qnod
140 2363 162 2403 ei,
174 2363 227 2405 quod
239 2363 263 2396 ad
275 2363 358 2396 alterum
370 2363 459 2405 refertur,
472 2363 519 2396 nihil
531 2366 561 2396 est
573 2364 698 2398 contrarium.
718 2366 772 2407 Ergo
783 2365 831 2398 rela-

76 2416 115 2449 tiua
127 2425 166 2449 non
177 2416 250 2449 habent
262 2417 386 2450 contrarium.

140 2470 156 2502 2.
168 2469 274 2507 Panaenum,
286 2470 366 2511 duplum
380 2472 399 2503 et
411 2470 512 2503 dimidium
525 2473 571 2503 sunt
582 2471 668 2504 relativa.
689 2472 726 2505 Sed
736 2472 782 2505 haec
791 2481 830 2505 non

76 2521 185 2564 suscipiunt
196 2522 259 2564 magis
271 2526 290 2556 et
301 2523 372 2565 minus,
387 2526 409 2557 ut
420 2526 478 2566 patet.
502 2524 555 2566 Ergo
570 2524 651 2558 relativa
666 2534 705 2558 non
721 2525 831 2568 suscipiunt

75 2576 138 2620 magis
150 2578 169 2610 θ1
181 2576 251 2610 minus.

141 2632 156 2665 3.
171 2631 276 2672 Paternum,
288 2634 343 2674 pater
355 2634 374 2666 et
385 2632 438 2667 tilius
451 2632 589 2666 ε111111θ131113
602 2634 708 2668 secundum
720 2643 769 2669 θεεθ.
793 2635 831 2670 Sed

75 2688 130 2729 pater
142 2689 172 2721 est
183 2685 238 2730 prior
250 2689 319 2721 natura
331 2687 381 2730 tilioJ
393 2697 438 2722 113111
450 2690 505 2731 pater
518 2690 547 2721 θε1
560 2697 617 2722 causa
625 2688 666 2731 filii,
679 2699 737 2724 causa
745 2700 793 2725 vero
801 2694 831 2725 est
850 2700 855 2707 ·
