1846 3062
143 115 182 152 208
339 124 446 164 QUAESTIO
455 125 522 157 XXVIII
544 124 666 158 ARTICULUS
678 125 699 157 ll'

143 221 215 262 quibus
230 224 259 255 est
275 221 412 263 lletaphysiea,
431 225 476 256 sunt
491 222 554 265 magis
569 232 580 256 a
595 222 685 256 sensibus
700 224 779 263 remota,
797 232 808 255 a
823 221 894 263 quibus

143 277 210 308 nostra
222 274 306 317 cognitio
316 275 375 308 sumit
384 276 484 318 originem,
497 278 515 309 et
524 279 619 318 quantum
628 276 652 309 ad
661 275 780 309 substantias
790 278 895 318 separatas,

143 327 162 360 in
175 338 258 370 quarum
270 327 399 370 cognitionem
412 328 553 362 insufficienter
564 329 658 362 inducunt
673 338 700 369 ea,
715 338 764 371 qnae
779 339 790 362 a
805 328 895 363 sensibus

143 381 268 424 accipiuntun
280 385 298 415 et
307 385 401 425 quantum
410 384 434 416 ad
444 393 470 424 ea,
483 393 532 425 qnae
542 386 587 416 sunt
596 383 705 417 communia
713 383 804 417 omnibus
812 383 895 425 entibus,

143 444 192 477 quae
205 438 250 469 sunt
262 436 345 470 maxime
357 436 476 470 universalia
488 440 506 470 et
515 437 542 470 sic
550 437 634 471 maxime
642 440 716 470 remota
725 446 737 470 a
744 436 894 479 particularibus

143 489 256 524 cadentibus
272 491 308 524 sub
324 499 412 524 sensum:
431 491 566 525 mathematica
583 501 630 525 vero
645 492 682 525 sub
698 501 776 525 sensum
792 492 863 525 cadunt
878 494 896 524 et

143 542 277 585 imaginationi
289 544 394 584 subiacent,
406 548 428 578 ut
439 545 493 586 linea,
508 545 579 588 figura,
594 555 688 579 nurnerus
700 547 718 579 ct
730 545 847 579 huiusmodi.
872 545 896 578 Et

143 596 186 630 ideo
198 597 305 632 intellectus
318 599 415 632 humanus
427 609 438 632 a
450 599 619 641 phantasmatibus
631 599 725 642 accipiens
737 599 813 633 facilius
828 609 895 633 eorum

143 651 273 693 cognitionem
282 652 350 695 accipit
358 655 376 686 et
385 653 456 686 certius
465 663 523 696 quam
533 654 662 696 cognitionem
671 653 807 696 intelligentiae
815 653 895 687 alicuius

144 705 175 739 vel
189 706 246 740 etlam
261 706 380 748 quidditatis
398 707 517 741 substantiae
533 708 564 742 vel
580 708 667 749 aliorum,
685 717 734 750 qnae
750 710 896 750 consequuntur

144 769 178 793 ens
190 763 212 793 nt
223 770 263 803 ens,
275 763 296 794 ut
309 764 355 795 sunt
366 761 452 803 potentia
463 765 482 795 et
494 765 548 795 aetus
561 765 579 795 θῖ
591 762 707 795 huiusmodi.

210 815 235 848 Et
244 815 271 849 sic
280 815 404 849 manifestum
413 818 447 857 est,
456 817 508 858 quod
519 816 650 859 tletaphysica
659 818 689 849 est
696 815 817 858 siutptc'ec'tcr
825 816 896 849 certior

143 878 202 910 quam
215 870 293 903 scientia
305 870 398 903 naturalis
407 873 426 904 et
434 880 492 912 qnam
503 870 636 904 llathernatica
644 872 662 903 θῖ
670 871 717 903 haec
724 879 783 912 quam
792 870 896 903 Naturalis.

144 922 182 955 Sed
193 924 303 957 secunaum
314 934 350 958 cros
359 924 493 958 Mathematica
504 925 524 957 in
533 924 647 957 certitudine
655 927 735 966 superat
744 924 829 966 reliquas
838 924 895 964 duas3

144 976 195 1010 unde
210 980 228 1011 et
243 977 285 1019 ipsa
300 978 371 1012 dicitur
387 979 471 1012 maxime
486 978 651 1020 disciplinabiliter
669 978 779 1020 procedere
797 978 850 1020 quod
867 980 896 1011 est

143 1030 279 1064 demonstrare
293 1035 312 1065 et
327 1042 362 1074 per
377 1032 512 1066 certitudinem
526 1032 640 1074 procedere}
657 1035 676 1065 et
687 1032 770 1074 Physica
785 1034 815 1066 est
826 1032 897 1065 certior

143 1094 202 1127 quam
215 1086 351 1128 lletaphysiea.
377 1087 502 1121 Gcrtc'sst'mus
519 1096 566 1120 uero
578 1089 608 1120 est
620 1086 689 1129 aliquIs
701 1087 721 1119 in
734 1096 788 1120 sacra
800 1085 896 1126 doctrinm

144 1138 206 1181 magis
221 1139 273 1173 enim
286 1140 351 1173 fidelis
366 1143 384 1173 et
398 1140 476 1174 firmius
492 1140 573 1174 assentit
591 1140 627 1182 his,
645 1150 694 1183 quae
710 1143 755 1174 sunt
769 1140 820 1182 fidei,
838 1149 896 1182 quam

144 1193 202 1226 etiam
214 1193 283 1236 primis
295 1194 395 1237 principiis
408 1194 494 1228 rationis.

210 1258 237 1291 Aa
245 1269 307 1291 raumu
312 1264 357 1291 ‘narro
364 1269 444 1291 uicerunt
450 1259 503 1302 quod
509 1259 529 1292 in
536 1259 619 1301 Physica
626 1259 696 1293 dicitur
703 1258 784 1293 iudicari
791 1258 897 1292 seeundum

146 1321 231 1354 sensum
247 1313 323 1355 quiam
335 1313 367 1347 illa
378 1313 526 1347 considerantur
539 1323 565 1354 ea,
580 1323 630 1356 quae
642 1314 719 1346 suntin
731 1313 812 1347 materia
823 1315 842 1346 et
853 1322 897 1345 cum

145 1367 226 1400 materia
244 1367 335 1401 sensibili.
359 1368 408 1401 Nam
425 1368 468 1410 ipse
483 1368 590 1409 discursus,
608 1367 642 1410 qui
657 1367 680 1400 lit
696 1367 746 1401 circa
760 1367 797 1408 illa,
814 1376 853 1400 non
869 1369 898 1400 est

146 1430 221 1462 seusus,
234 1422 268 1455 sed
280 1422 394 1455 Intellectus.

211 1476 237 1509 Au
245 1486 327 1508 saturum
336 1486 416 1508 uicerunt
424 1476 477 1519 quod
485 1476 521 1509 hoo
529 1476 600 1518 probat
608 1478 688 1517 tantum,
697 1476 750 1519 quod
758 1475 897 1517 tlatnemattca,

146 1529 192 1571 quia
203 1529 268 1563 minus
280 1529 376 1564 abstrahit
388 1540 399 1563 a
410 1530 491 1563 rnateria
506 1539 564 1572 quam
577 1529 713 1572 lletaphysica.
729 1532 747 1563 et
762 1529 824 1572 magis
839 1539 898 1572 quam

146 1583 226 1617 seientia
237 1583 336 1625 naturalis,
349 1586 378 1617 est
389 1584 511 1627 simpliciter
522 1583 592 1617 certior
604 1586 623 1617 et
631 1585 737 1617 secundum
746 1586 835 1617 naturam
844 1584 898 1626 prior

147 1637 226 1671 scientia
237 1638 325 1679 naturali,
338 1641 368 1672 est
379 1641 443 1671 auteur
455 1638 547 1672 incertior
559 1641 577 1671 et
586 1637 683 1680 posterior
693 1637 799 1672 secundum
808 1640 897 1671 naturam

146 1692 283 1734 Metaphysica.
307 1692 383 1726 Rursus
399 1702 451 1734 vero,
466 1692 511 1735 quia
526 1692 588 1734 magIS
603 1692 628 1726 ad
643 1692 741 1726 sensibilia
756 1691 828 1726 accedit
839 1701 898 1735 quam

147 1746 283 1789 hletaphysica,
296 1746 397 1789 magIsque
409 1749 483 1780 remota
495 1749 525 1780 est
537 1756 547 1779 a
560 1746 665 1780 mobilitate
677 1749 696 1780 et
707 1746 831 1780 fluxibilitate
839 1745 899 1779 sensi-

146 1801 214 1834 bilium
226 1810 285 1844 quam
295 1801 382 1844 Physica,
395 1801 438 1835 ideo
450 1802 559 1835 secuudum
571 1811 607 1835 uos
619 1803 649 1835 est
661 1801 731 1834 certior
743 1804 762 1834 et
773 1801 828 1843 prior
840 1810 898 1843 quam

147 1855 229 1897 Physica
237 1857 256 1888 et
265 1855 401 1898 bletaphysiea.
423 1855 477 1890 Unde
490 1858 508 1889 et
519 1855 583 1898 primo
595 1856 637 1889 loeo
648 1855 699 1888 inter
712 1854 801 1888 scientias
814 1855 899 1897 specula-

146 1910 196 1943 tivas
208 1910 274 1952 pueris
287 1910 404 1944 addiscenda
416 1912 461 1952 post
473 1909 564 1952 Logicum
576 1910 695 1943 tradebatur.

403 2093 526 2126 ARTICULUS
538 2092 640 2133 QUARTUS

182 2193 249 2220 ornan
262 2192 395 2221 niararnrsmn
409 2191 543 2219 pertrahamur
557 2191 606 2219 ALIIS
621 2190 713 2219 sciturus
727 2190 859 2219 serenianus

175 2288 185 2309 o
195 2288 271 2324 ornarem
278 2288 302 2309 sic
310 2287 415 2309 raucarum.
431 2277 513 2310 Videtur
521 2277 573 2319 quod
583 2276 715 2318 lletaphysica
723 2286 761 2309 non
770 2275 900 2318 praeemineat

189 2331 232 2365 aliis
247 2331 331 2365 scientiis
347 2331 476 2373 specuIatIvts.
499 2331 548 2364 Nam
566 2333 639 2373 quanto
654 2330 737 2373 cognitio
753 2333 782 2363 est
797 2329 867 2364 certior
881 2333 900 2363 et

146 2386 255 2429 perfectior,
267 2388 321 2419 tanto
333 2388 362 2419 est
374 2386 436 2418 maior
445 2388 463 2418 et
471 2384 560 2419 nobilior.
580 2384 618 2418 Sed
628 2384 729 2418 certiorem
738 2387 757 2417 et
765 2384 900 2426 perfectiorem

146 2440 276 2483 cognitionem
294 2439 365 2473 hahere
383 2449 489 2482 possumus
507 2439 530 2473 de
548 2440 607 2473 rebus
625 2439 721 2480 humanis,
741 2440 765 2473 de
781 2439 853 2482 quibus
871 2443 901 2473 est

147 2494 235 2537 Physica,
250 2503 308 2536 quam
324 2494 347 2527 de
362 2495 421 2527 rebus
436 2493 513 2531 divinis,
531 2493 555 2526 de
570 2493 643 2535 quibus
657 2495 687 2526 est
702 2493 839 2535 lIetaphysica‚
857 2503 900 2527 cum

147 2558 178 2582 res
191 2548 267 2581 divinae
280 2547 319 2581 sint
330 2547 536 2589 incomprehensibiles
547 2547 602 2580 iuxta
613 2546 661 2580 illud
673 2547 709 2581 Iob
721 2557 735 2581 c.
744 2549 774 2582 35:
788 2548 836 2581 Ecce
847 2548 900 2581 Deus

147 2611 236 2645 nragnus,
256 2601 336 2635 vincens
354 2601 453 2635 scientiam
470 2603 564 2634 nostram.
594 2601 647 2644 Ergo
665 2602 797 2644 hletaphysiea
815 2611 853 2635 nou
871 2604 901 2635 est

147 2656 230 2690 nobilior
242 2655 284 2689 aliis
297 2655 381 2689 scientiis
394 2655 524 2698 speculativis.
