1846 3062
239 131 346 173 QUAESTIO
358 132 409 164 XXVI
431 132 553 165 ARTICULUS
564 131 587 164 lIl

34 232 97 277 ipsius
109 230 211 265 obiectum.
228 228 252 261 In
264 228 353 270 practicis
366 238 413 262 vero
425 229 532 263 intenditur
543 228 601 271 quasi
611 228 658 262 linis
671 227 790 262 constructio

35 286 97 330 ipsius
110 282 184 323 obiecti,
196 281 249 315 utin
262 282 340 316 scientia
352 281 472 316 aedificativa
484 282 602 316 constructio
611 282 687 324 domus,
700 291 749 324 quae
761 286 791 315 est

36 339 94 374 huius
111 337 159 371 artis
176 336 278 370 obiectum.
301 336 356 370 Unde
374 336 495 379 relinquitur,
513 336 566 378 quod
583 336 685 370 cuiuslibet
701 335 791 369 scientiae

35 393 100 428 unitas
112 390 219 424 secundum
231 390 324 424 unitatem
336 390 406 424 obiecti
417 392 447 423 est
458 390 580 424 attendenda.

102 445 139 478 Sed
148 444 197 478 sicut
205 444 224 477 in
233 444 316 477 termino
324 447 354 477 est
362 443 485 477 considerare
493 445 537 485 duo,
549 453 574 478 sc.
584 444 687 486 materiale,
699 445 753 487 quod
761 448 791 477 est

35 509 73 539 res,
89 499 114 532 ad
130 508 188 541 quam
204 498 265 531 tendit
279 501 349 537 motus,
367 500 386 531 et
400 498 486 539 formale,
502 498 555 541 quod
570 501 600 532 θεῖ
611 498 666 540 ratio,
683 499 789 532 secundum

36 563 94 598 quam
103 552 135 586 illa
144 551 235 585 terminat
243 554 325 585 motum:
332 552 358 585 ita
366 552 386 585 in
395 552 468 586 obiecto
476 552 565 586 scientiae
574 552 708 587 consideratur
717 552 791 596 aliquid

36 612 58 654 ut
69 606 167 641 materiale
179 608 198 640 et
209 605 282 649 aliquid
294 608 316 640 ut
326 607 413 640 formale.
433 606 529 641 Formoie
541 609 568 641 est
578 607 605 648 iti,
619 608 728 641 secontiam
737 608 791 649 quoti

36 662 134 698 obiectum
142 661 228 695 refertur
237 660 266 694 cci
270 660 385 703 potentiane
393 661 424 694 cei
434 660 526 695 habiturn
534 671 569 695 sen
576 661 603 704 iti,
617 662 727 696 secantium
736 662 791 704 quod

37 717 135 752 obiectum
146 715 240 749 reciditur
248 715 431 758 proportionatum
443 717 461 749 et
472 715 533 749 iricius·
547 716 626 762 perieris
642 726 687 751 crim
696 716 791 759 potentio

37 774 55 806 ei
67 771 144 805 occuito.
164 770 217 804 Sicut
228 769 279 803 enim
292 770 311 803 in
323 769 420 803 intellectu
432 770 599 804 imraotericiitcs
611 773 640 804 est
652 771 706 813 ratio,
719 781 753 805 cur
766 770 791 804 sit

35 824 185 869 cognoscitivus,
194 824 220 858 ita
229 825 295 858 eadem
304 827 334 858 est
343 823 397 866 ratio,
405 833 439 858 cnr
448 824 544 859 obiectum
553 824 578 858 sit
586 824 613 858 illi
621 825 790 867 proportionatum

36 883 55 914 et
67 882 207 922 consequenter
219 880 243 913 ab
255 879 287 913 iilo
297 878 432 922 cognoscibile.
452 879 477 912 Et
485 879 534 913 sieut
542 879 566 913 cie
574 879 648 913 ratione
657 880 747 913 scientiae
755 882 790 918 est.

36 938 58 969 ut
70 934 95 968 sit
106 934 130 968 de
142 933 256 967 necessariis
268 936 287 967 et
299 943 334 976 per
346 943 466 976 consequens
482 933 505 967 de
517 932 655 976 immobilibus,
670 933 696 967 ita
710 934 735 967 ad
749 935 790 975 hoc,

36 991 58 1023 ut
69 988 165 1022 obiectum
178 987 203 1021 sit
215 987 280 1021 scibile
295 997 330 1030 per
345 987 449 1028 scientiam,
465 988 522 1021 debet
536 997 579 1021 esse
594 988 658 1030 aliquo
675 988 732 1022 mod'o
748 988 791 1021 ahs-

37 1044 124 1076 trucium
139 1045 216 1076 arnotu
230 1045 288 1084 atque
303 1042 350 1075 adeo
365 1041 469 1075 immobile.
492 1041 601 1075 Materiale
616 1051 662 1076 cero
677 1043 700 1075 in
715 1042 791 1076 obiecto

37 1099 64 1130 est
76 1096 102 1138 id,
116 1096 139 1129 iii
151 1105 189 1139 quo
201 1096 301 1130 nonciatur
313 1096 362 1130 iulis
374 1095 434 1137 ictio,
447 1096 546 1130 cesinia-nm
558 1105 589 1130 res
597 1095 649 1138 ipsc,
663 1106 714 1138 qiioe
722 1096 790 1130 scitur.

37 1149 132 1189 Quoniam
144 1159 191 1184 vero
203 1150 223 1183 in
236 1149 314 1184 scientia
326 1150 390 1192 potius
403 1152 432 1183 est
444 1149 469 1191 id,
481 1150 534 1192 quod
546 1153 576 1183 est
587 1150 669 1184 formale
681 1159 739 1193 quam
752 1160 791 1183 nia·

37 1203 107 1246 teriale,
122 1205 146 1238 ab
162 1204 194 1238 illo
206 1204 271 1246 potius
284 1204 335 1238 sumi
347 1204 404 1238 debet
415 1203 479 1237 unitas
493 1203 582 1238 scientiae
594 1214 653 1247 quarn
666 1205 743 1239 abhoc.
767 1204 792 1237 Et

37 1257 65 1291 sic
76 1257 201 1292 manifestum
210 1261 244 1300 est,
257 1258 309 1301 quod
320 1257 384 1291 unitas
398 1258 487 1292 scientiae
500 1258 584 1292 sumitur
596 1268 620 1292 ex
632 1257 704 1292 unitate
717 1258 791 1300 obiecti,

37 1314 59 1345 ut
71 1311 136 1346 scibile
148 1315 182 1346 est.

103 1389 129 1421 Ao
138 1398 246 1421 Antinum-run
253 1398 295 1420 unco
304 1398 383 1421 nicerouu
393 1389 445 1431 quod
454 1388 504 1422 sicut
512 1389 537 1422 ad
544 1389 638 1422 unitatem
651 1388 741 1422 scientiae
753 1398 792 1422 non

38 1441 111 1475 sufficit
128 1441 192 1475 unitas
210 1442 319 1485 primorum
336 1442 477 1485 principiorum
495 1442 613 1485 simpliciter,
634 1443 668 1476 sed
685 1442 793 1485 requiritur

37 1495 102 1529 unitas
114 1496 133 1529 in
146 1496 213 1530 eodem
225 1505 296 1539 genere
309 1496 375 1535 scibili,
387 1496 414 1529 ita
425 1496 449 1530 ad
462 1495 605 1530 distinctionem
614 1495 722 1539 requiritur
730 1496 794 1530 diver·

39 1549 85 1584 sitas
101 1549 241 1592 principiorum
256 1551 276 1584 in
290 1560 361 1594 genere
378 1550 444 1592 scibili,
460 1560 508 1593 qnae
525 1549 588 1583 oritur
602 1560 627 1584 ex
641 1550 720 1584 diverso
735 1550 793 1584 modo

38 1603 173 1647 cognoscendi.

350 1701 387 1708 «aaa
392 1702 481 1709 auam-mu

305 1820 427 1853 ARTICULUS
438 1820 530 1853 TERTIUS

129 1929 190 1956 ornum
205 1927 307 1957 Drsrruorio
322 1928 447 1957 solertiarum
461 1928 549 1956 siluerint
563 1928 588 1956 EX
602 1927 703 1957 Principiis

69 2036 161 2057 urrunnu
175 2035 198 2056 sic
210 2035 315 2057 PROGEDITUR.
338 2025 419 2058 Videtur
434 2025 487 2067 quod
501 2024 599 2058 distinctio
615 2024 739 2057 scientiarum
754 2034 794 2058 nou

40 2036 67 2108 Α
81 2082 170 2113 sumatur
184 2089 209 2113 ex
223 2078 329 2121 principiis.
352 2078 402 2112 Dicit
417 2078 467 2112 enim
483 2078 614 2121 Philosophus
630 2078 725 2112 1P0sier.
741 2088 755 2112 c.
768 2080 794 2120 28,

39 2133 92 2175 quod
101 2132 180 2166 scientia
188 2132 248 2166 sumit
256 2143 311 2166 suain
321 2132 414 2166 unitatem
422 2134 446 2167 ab
456 2132 536 2166 obiecto.
552 2132 590 2166 Sed
600 2133 700 2167 abeodem
710 2133 794 2166 sumitur

39 2186 143 2228 distinctio,
158 2196 169 2219 a
185 2197 224 2228 quo
238 2186 313 2227 unita55
327 2196 363 2228 per
377 2186 428 2220 idem
445 2186 495 2219 enim
511 2186 636 2220 constituitur
648 2185 721 2228 aliquid
733 2196 794 2219 unum

39 2242 58 2273 et
70 2239 182 2274 distinctum
199 2241 223 2274 ab
235 2241 277 2273 alio.
301 2240 354 2282 Ergo
370 2240 449 2274 scientia
464 2240 524 2273 sumit
538 2249 594 2273 suam
610 2238 753 2273 distinctionem
770 2241 794 2273 ab

39 2293 119 2334 obiecto,
131 2304 170 2327 non
182 2296 246 2327 autem
259 2303 270 2327 a
281 2293 387 2335 principiis.

105 2369 139 2402 sn
154 2379 217 2401 comni
231 2380 259 2401 ssr
274 2369 378 2403 auctoritas
391 2368 503 2410 Philosophi
517 2369 525 2400 1
538 2368 611 2402 Foster.
624 2377 639 2401 c.
651 2369 677 2409 28,
695 2368 729 2401 ubi
744 2368 795 2409 dicit,

39 2421 92 2462 quod
105 2421 194 2456 scientiae
207 2425 252 2456 sunt
264 2423 358 2464 diversae,
371 2431 453 2464 quarum
466 2421 560 2464 principia
573 2424 618 2454 sunt
630 2421 713 2469 diversa.

106 2497 204 2529 Rrsromro
216 2509 296 2530 nicrnnon
311 2499 363 2541 quod
378 2497 482 2531 diversitas
499 2496 623 2530 scientiarum
636 2497 721 2530 sumitur
733 2506 757 2530 ax
769 2497 796 2530 di-

40 2548 132 2587 uersitate
143 2550 285 2594 principiorum
297 2552 317 2586 in
329 2561 400 2596 genere
416 2551 482 2585 scibili.
507 2550 555 2585 Gum
568 2550 619 2584 enirn
631 2550 701 2585 scibile
713 2551 739 2584 sit
747 2561 796 2594 pro-

37 2603 108 2645 prium
120 2605 216 2639 obiectum
229 2607 324 2649 scientiae,
339 2617 381 2641 non
397 2605 563 2640 ciircrsificcntcr
578 2605 675 2639 scientiae
686 2606 796 2639 secuudum

40 2656 177 2693 diversitatem
194 2660 335 2695 lactei-iniiam
351 2660 459 2701 scibilium,
480 2659 515 2693 secl
530 2660 640 2693 secundum
658 2660 797 2694 {lineiuiictcm
