1846 3062
262 193 369 233 ouansno
380 193 433 225 urm
455 193 577 225 anticanus
589 193 596 224 1
768 183 806 219 221

52 291 190 334 (qititndineut
202 289 297 332 scientiae,
310 290 359 324 sicut
371 293 389 323 et
401 290 489 332 virtutes,
503 290 579 324 suntin
588 289 645 323 nohis
657 299 668 322 a
680 292 756 330 natura,
768 298 807 322 nou

52 348 116 380 autem
133 344 239 378 secundum
254 344 402 386 perfectionem:
420 346 441 377 ut
456 344 502 377 dicit
518 344 649 386 Philosophus
663 345 673 376 2
685 342 749 377 Etliie.
765 352 780 376 e.
793 344 807 375 1.

54 400 79 433 Et
90 399 127 432 hoc
138 398 205 432 verius
217 400 251 432 est.

117 453 148 486 Ad
163 452 218 486 euius
233 451 409 486 manifestationem
424 455 501 494 oportet
518 452 646 493 considerare,
664 451 717 495 quod
734 451 808 493 ahquid

52 506 123 541 dicitur
135 506 209 540 homini
220 506 308 540 naturale
317 506 437 549 dupliciter:
449 516 489 540 nino
498 506 557 540 modo
566 516 590 540 ex
598 508 668 540 natura
676 505 751 548 speciei,
764 505 807 539 ulio

53 561 111 595 modo
123 570 148 594 ex
159 563 229 594 natura
240 559 342 594 individui.
363 561 449 604 Utroque
459 563 523 594 auteur
531 560 589 594 modo
602 560 681 595 scientia
692 563 722 594 est
733 559 808 593 homiui

53 615 147 649 naturalis
158 615 268 649 seciiudnnt
280 616 385 657 allenium
394 615 550 649 inchoationem.
571 615 595 648 Et
607 615 686 657 quidem
698 614 808 648 secundum

53 671 151 703 liciturum
166 668 243 711 speciei,
259 669 376 710 inquantum
390 668 410 701 in
426 668 500 702 ratione
515 668 599 702 hominis
614 668 682 702 insunt
694 667 808 701 naturaliter

52 722 149 765 quaedam
161 722 255 765 principia
268 722 364 755 scibilium
376 722 490 756 naturaliter
502 722 583 765 cognita,
596 732 646 765 quae
658 725 704 756 sunt
712 722 808 764 quaedam

54 776 158 810 seminaria
169 776 264 810 virtutum
273 776 435 809 intellectualium.
456 776 505 815 Quia
513 776 563 809 enim
573 785 598 809 ex
605 775 649 817 ipsa
656 779 726 809 natura
734 774 809 809 animae

53 829 186 874 intellectualis
199 829 289 863 convenit
300 828 379 871 homini,
394 830 447 872 quod
463 829 528 863 statim
545 829 627 872 cognito,
643 829 690 871 quid
705 832 734 863 est
746 831 808 863 totum

53 887 73 916 et
84 883 132 926 quid
143 886 173 918 est
184 893 236 926 pars,
249 886 358 927 eognoscat,
371 884 423 926 quod
436 893 492 917 omne
505 886 568 917 totum
580 886 610 916 est
622 883 684 916 maius
697 893 732 916 sua
743 885 808 925 parte:

53 937 161 970 intellectus
174 937 315 979 principiorum
327 939 345 971 et
358 936 442 978 scientia,
458 937 512 970 cuius
527 936 644 979 principium
659 939 689 969 est
700 936 744 970 talis
755 936 809 970 intel-

54 990 120 1032 lectus,
133 990 224 1025 dictantur
235 1001 278 1025 esse
290 991 369 1025 habitus
381 991 485 1024 naturales.
505 991 620 1025 Secundum
631 993 730 1024 iacitur-uin
743 994 809 1024 11111111

54 1044 160 1078 individui
177 1045 256 1078 scientia
270 1048 300 1078 est
314 1044 388 1078 homini
403 1045 503 1086 naturalis,
518 1047 614 1086 qnatenus
630 1054 655 1077 ex
669 1044 757 1086 corporis
772 1043 810 1077 dis-

54 1097 150 1139 positione
162 1097 221 1140 aliqui
234 1101 279 1132 5111
291 1098 381 1141 dispositi
393 1098 424 1133 uel
436 1098 505 1132 melius
517 1098 549 1132 vel
560 1098 616 1141 peius
625 1098 649 1132 acl
657 1097 809 1141 intelhgendnm.

123 1151 293 1195 Gomquenieututu
308 1155 372 1187 autem
388 1153 466 1186 habitus
482 1153 572 1187 scientiae
590 1155 619 1186 est
635 1162 660 1186 ex
677 1152 764 1186 doctrina
779 1152 810 1185 vel

54 1204 171 1248 inventione,
188 1207 238 1241 sicut
253 1208 415 1250 complementum
430 1207 525 1241 virtutum
540 1207 644 1240 moralium
659 1209 689 1240 est
705 1216 730 1240 ex
745 1216 810 1240 assue-

54 1260 137 1295 factione
149 1262 180 1295 vel
191 1261 293 1303 infusione,
306 1264 328 1296 ut
339 1262 395 1296 docet
407 1261 538 1304 Philosophus
550 1263 560 1295 2
572 1262 636 1295 Etliic.
649 1272 664 1295 c.
676 1263 691 1303 1,
703 1271 747 1295 cum
759 1261 810 1302 dicit,

54 1315 108 1356 quod
124 1325 187 1359 neque
201 1318 271 1350 natura
285 1326 348 1358 neque
360 1319 437 1359 praeter
448 1319 539 1350 naturam
551 1316 634 1349 virtutes
646 1315 666 1349 in
678 1316 735 1348 nohis
747 1315 811 1357 acqui-

55 1371 131 1409 runtur,
139 1370 172 1403 sed
180 1379 223 1403 cum
230 1370 294 1403 idonei
300 1370 324 1403 ad
331 1370 384 1412 ipsas
392 1370 526 1413 suscipiendas
532 1372 602 1404 natura
609 1370 676 1411 simus,
685 1368 810 1403 assuetudine

55 1422 174 1464 perficimur.

122 1477 177 1511 Unde
188 1478 269 1521 intelligi
280 1480 350 1520 potest,
362 1479 415 1520 quod
427 1478 491 1511 111111
506 1488 547 1511 lion
564 1480 591 1512 est
605 1478 645 1511 sibi
660 1478 701 1521 ipsi
715 1478 811 1511 scientiae

56 1541 120 1566 cclusu
135 1541 169 1565 seu
181 1532 233 1575 quod
245 1532 288 1575 ipsa
300 1533 364 1566 anima
376 1543 417 1566 nou
430 1533 458 1566 nd
467 1533 606 1575 prementique
618 1532 746 1566 sensibilium
757 1532 780 1566 in
792 1542 812 1566 se

55 1586 212 1621 stauilitudinern
218 1587 346 1621 sensibilium
353 1588 432 1621 foruiut.
445 1587 524 1620 Nullum
531 1586 582 1620 enim
589 1596 649 1628 agens
656 1586 697 1620 nisi
702 1587 811 1621 seniridinn

56 1642 110 1683 qriod
126 1643 153 1675 est
169 1643 216 1675 tectu
230 1641 275 1685 agn.
298 1641 354 1675 Unde
372 1641 388 1675 si
406 1641 470 1675 anima
484 1641 557 1675 format
570 1640 591 1674 in
608 1651 628 1675 se
643 1640 730 1674 omnium
745 1650 811 1675 rerum

57 1695 199 1738 similitudines,
211 1698 292 1738 oportet,
305 1696 358 1738 quod
369 1695 412 1738 ipsa
424 1695 444 1728 in
457 1705 477 1729 se
490 1697 537 1729 netu
545 1696 615 1729 habeat
623 1695 665 1729 illas
675 1695 812 1729 similitudines

56 1759 128 1791 rerum,
141 1752 159 1782 et
172 1749 199 1783 sic
210 1750 296 1783 omnium
309 1760 376 1783 rerum
389 1749 468 1783 seientia
480 1749 555 1783 animae
566 1749 681 1783 naturaliter
689 1752 740 1784 esset
748 1749 811 1784 insita.

57 1803 95 1837 Sed
107 1803 143 1838 hoc
155 1806 235 1838 nonest
247 1814 321 1838 verum.
344 1804 417 1847 Primo,
432 1805 477 1847 quia
490 1805 506 1837 si
518 1804 582 1837 anima
595 1804 669 1846 species
680 1804 812 1847 intelligibiles

57 1858 163 1892 secundum
180 1868 235 1892 suam
250 1861 339 1892 naturam
355 1860 400 1900 apta
414 1861 459 1892 nata
474 1861 526 1892 esset
540 1858 626 1901 recipere
640 1868 676 1901 per
690 1858 811 1892 influentiam

57 1911 166 1955 aliquorum
180 1916 315 1956 separatorum
328 1912 468 1956 principiorum
481 1915 557 1946 tantum
569 1915 588 1946 et
599 1923 638 1947 non
650 1913 745 1955 acciperet
757 1923 789 1947 eas
801 1924 812 1947 1

58 1967 154 2009 sensibus,
166 1978 208 2001 nou
219 1967 321 2010 indiperet
333 1977 416 2011 conpore
433 1968 460 2002 ud
475 1967 637 2010 intellipeneluin.
664 1967 720 2002 Uinde
736 1968 813 2003 frustra

58 2022 139 2065 corpm'i
151 2023 249 2056 uniretuu
273 2022 369 2064 Secundo,
386 2022 432 2065 quia
447 2022 463 2056 51
475 2022 545 2065 aliquis
561 2022 669 2056 intellectus
682 2025 716 2063 est,
732 2022 765 2066 qui
777 2033 813 2065 per

57 2076 162 2110 essentiam
175 2086 229 2110 suam
242 2077 341 2119 cognoscit
353 2076 422 2118 onmia,
435 2079 516 2119 oportet,
529 2077 581 2120 quod
591 2077 676 2111 essentia
686 2078 728 2111 eius
738 2078 812 2112 liubeut

57 2130 80 2163 iu
92 2141 112 2165 se
123 2131 288 2165 iiairunlerinliter
300 2131 375 2165 111111.
396 2131 439 2165 Hoc
448 2134 515 2165 irritem
525 2134 552 2165 est
557 2131 668 2174 preprium
676 2132 719 2166 Det.
741 2132 811 2174 nerlu,

57 2185 103 2227 quia
115 2185 163 2219 actio
175 2185 282 2220 intellectus
295 2185 370 2229 agentis
382 2189 412 2220 est
424 2186 477 2220 stelio
487 2186 547 2220 lintius
557 2186 650 2220 loniinis.
672 2186 754 2228 Qiinrto,
768 2186 813 2229 quia

58 2239 144 2282 operatio
159 2240 331 2283 proportionetur
349 2240 417 2274 virtuti
432 2243 451 2273 et
465 2240 565 2274 essentiae.
589 2240 730 2275 Intellectivum
748 2244 813 2275 antem

58 2293 142 2328 hominis
151 2297 180 2328 est
189 2294 212 2329 in
221 2295 321 2329 seiisitine.
342 2295 367 2329 Et
375 2295 418 2329 ideo
427 2295 507 2337 propria
516 2295 602 2338 operatio
610 2295 652 2329 eius
662 2298 691 2328 est
699 2296 814 2338 nitentque

58 2348 202 2391 iutellipibilin
216 2350 239 2383 in
248 2350 436 2392 plinntcutnntibus.
461 2350 538 2392 Species
553 2349 613 2393 igitur
628 2350 711 2383 aliorum
725 2349 813 2393 intelligi-

58 2402 125 2436 bilium
140 2404 244 2438 intellectui
258 2406 326 2441 nostro
342 2414 384 2438 uon
398 2407 445 2438 sitiit
459 2405 555 2438 11111111.-
571 2405 605 2439 sed
620 2405 705 2439 essentie
717 2405 763 2448 ipen
776 2405 813 2438 sibi

57 2456 124 2491 inuata
135 2460 170 2492 est.

124 2512 193 2554 Sicque
201 2512 326 2546 manifestum
334 2515 369 2555 est,
381 2513 434 2555 quod
443 2512 537 2555 scientiae,
548 2513 597 2547 sicut
605 2516 623 2546 et
632 2513 714 2547 virtutes
723 2513 813 2555 morales,

59 2566 136 2599 suntin
148 2567 205 2600 nobis
217 2577 228 2600 a
240 2570 309 2601 natura
322 2568 429 2601 secundum
441 2567 569 2610 aptitudinem
581 2570 600 2601 et
611 2567 759 2609 inchoationem,
774 2578 813 2602 uon

58 2622 122 2653 autem
135 2621 242 2654 secundum
254 2622 392 2664 perfectionem
405 2624 423 2655 et
436 2621 553 2664 simpliciter.

123 2686 149 2719 An
166 2696 228 2718 rmum
245 2696 287 2718 anco
304 2696 383 2719 1111111111
401 2687 453 2729 quod
471 2686 526 2720 aliter
543 2686 630 2729 providit
647 2689 717 2720 natura
734 2688 814 2730 honuni,

58 2738 113 2773 aliter
131 2740 199 2774 brutis.
223 2740 260 2774 His
278 2741 334 2783 euim,
354 2740 399 2783 quia
419 2743 485 2774 carent
502 2741 581 2783 ratione,
599 2741 686 2783 providit
703 2744 773 2776 natura
791 2743 815 2777 de
