<?xml version="1.0" encoding="UTF-8"?>
<!DOCTYPE html PUBLIC "-//W3C//DTD XHTML 1.0 Transitional//EN"
    "http://www.w3.org/TR/xhtml1/DTD/xhtml1-transitional.dtd">
<html xmlns="http://www.w3.org/1999/xhtml" xml:lang="en" lang="en">
 <head>
  <title>
</title>
<meta http-equiv="Content-Type" content="text/html;charset=utf-8" />
  <meta name='ocr-system' content='tesseract 3.04.00' />
  <meta name='ocr-capabilities' content='ocr_page ocr_carea ocr_par ocr_line ocrx_word'/>
</head>
<body>
  <div class='ocr_page' id='page_1' title='image "MN41855ucmf_7_0079.png"; bbox 0 0 1846 3062; ppageno 0'>
   <div class='ocr_carea' id='block_1_1' title="bbox 238 157 769 208">
    <p class='ocr_par' dir='ltr' id='par_1_1' title="bbox 238 157 769 208">
     <span class='ocr_line' id='line_1_1' title="bbox 238 157 769 208; baseline -0.011 -9"><span class='ocrx_word' id='word_1_1' title='bbox 238 168 345 208; x_wconf 76' lang='lat' dir='ltr'>Quansrio</span> <span class='ocrx_word' id='word_1_2' title='bbox 357 169 371 199; x_wconf 91' lang='lat' dir='ltr'>il</span> <span class='ocrx_word' id='word_1_3' title='bbox 393 168 515 200; x_wconf 79' lang='lat' dir='ltr'>ARTIGULUS</span> <span class='ocrx_word' id='word_1_4' title='bbox 526 167 547 199; x_wconf 83' lang='lat' dir='ltr'>IV</span> <span class='ocrx_word' id='word_1_5' title='bbox 745 157 769 194; x_wconf 80' lang='grc'><strong>19</strong></span> 
     </span>
    </p>
   </div>
   <div class='ocr_carea' id='block_1_2' title="bbox 18 258 772 696">
    <p class='ocr_par' dir='ltr' id='par_1_2' title="bbox 18 258 772 471">
     <span class='ocr_line' id='line_1_2' title="bbox 82 258 770 306; baseline -0.004 -9"><span class='ocrx_word' id='word_1_6' title='bbox 82 267 98 298; x_wconf 83' lang='grc'>2,</span> <span class='ocrx_word' id='word_1_7' title='bbox 113 266 219 301; x_wconf 65' lang='lat' dir='ltr'>Parnasum,</span> <span class='ocrx_word' id='word_1_8' title='bbox 234 264 345 297; x_wconf 88' lang='lat' dir='ltr'>universale</span> <span class='ocrx_word' id='word_1_9' title='bbox 360 267 390 296; x_wconf 88' lang='lat' dir='ltr'>est</span> <span class='ocrx_word' id='word_1_10' title='bbox 405 264 504 306; x_wconf 81' lang='lat' dir='ltr'>quoddam</span> <span class='ocrx_word' id='word_1_11' title='bbox 515 263 659 306; x_wconf 70' lang='lat' dir='ltr'>praedicatum3</span> <span class='ocrx_word' id='word_1_12' title='bbox 675 265 705 295; x_wconf 85' lang='lat' dir='ltr'>est</span> <span class='ocrx_word' id='word_1_13' title='bbox 719 258 770 295; x_wconf 88' lang='lat' dir='ltr'>enim</span> 
     </span>
     <span class='ocr_line' id='line_1_3' title="bbox 18 316 771 363; baseline -0.005 -9"><span class='ocrx_word' id='word_1_14' title='bbox 18 319 115 363; x_wconf 75' lang='lat' dir='ltr'>quoddam</span> <span class='ocrx_word' id='word_1_15' title='bbox 131 327 232 351; x_wconf 87' lang='lat' dir='ltr'>commune</span> <span class='ocrx_word' id='word_1_16' title='bbox 247 317 313 350; x_wconf 89' lang='lat' dir='ltr'>multis</span> <span class='ocrx_word' id='word_1_17' title='bbox 330 317 353 350; x_wconf 91' lang='lat' dir='ltr'>de</span> <span class='ocrx_word' id='word_1_18' title='bbox 368 316 405 350; x_wconf 92' lang='lat' dir='ltr'>illis</span> <span class='ocrx_word' id='word_1_19' title='bbox 420 316 553 358; x_wconf 74' lang='lat' dir='ltr'>praedicabile.</span> <span class='ocrx_word' id='word_1_20' title='bbox 577 316 615 350; x_wconf 80' lang='lat' dir='ltr'>Sed</span> <span class='ocrx_word' id='word_1_21' title='bbox 627 325 684 349; x_wconf 86' lang='lat' dir='ltr'>omne</span> <span class='ocrx_word' id='word_1_22' title='bbox 696 317 771 359; x_wconf 86' lang='lat' dir='ltr'>praedi·</span> 
     </span>
     <span class='ocr_line' id='line_1_4' title="bbox 18 369 772 413; baseline -0.004 -6"><span class='ocrx_word' id='word_1_23' title='bbox 18 377 81 407; x_wconf 87' lang='lat' dir='ltr'>catum</span> <span class='ocrx_word' id='word_1_24' title='bbox 89 372 120 405; x_wconf 93' lang='lat' dir='ltr'>vel</span> <span class='ocrx_word' id='word_1_25' title='bbox 128 373 158 405; x_wconf 94' lang='lat' dir='ltr'>est</span> <span class='ocrx_word' id='word_1_26' title='bbox 167 370 276 404; x_wconf 90' lang='lat' dir='ltr'>substantia</span> <span class='ocrx_word' id='word_1_27' title='bbox 285 371 316 404; x_wconf 91' lang='lat' dir='ltr'>vel</span> <span class='ocrx_word' id='word_1_28' title='bbox 324 369 418 404; x_wconf 88' lang='lat' dir='ltr'>accidens.</span> <span class='ocrx_word' id='word_1_29' title='bbox 435 370 488 412; x_wconf 80' lang='lat' dir='ltr'>Ergo</span> <span class='ocrx_word' id='word_1_30' title='bbox 497 370 616 403; x_wconf 78' lang='lat' dir='ltr'>universalia</span> <span class='ocrx_word' id='word_1_31' title='bbox 626 374 672 403; x_wconf 88' lang='lat' dir='ltr'>sunt</span> <span class='ocrx_word' id='word_1_32' title='bbox 679 371 772 413; x_wconf 76' lang='lat' dir='ltr'>pauciora</span> 
     </span>
     <span class='ocr_line' id='line_1_5' title="bbox 18 425 179 471; baseline -0.025 -10"><span class='ocrx_word' id='word_1_33' title='bbox 18 435 75 471; x_wconf 83' lang='lat' dir='ltr'>quam</span> <span class='ocrx_word' id='word_1_34' title='bbox 88 425 179 467; x_wconf 90' lang='lat' dir='ltr'>quinque.</span> 
     </span>
    </p>

    <p class='ocr_par' dir='ltr' id='par_1_3' title="bbox 19 489 771 696">
     <span class='ocr_line' id='line_1_6' title="bbox 84 489 771 534; baseline 0 -9"><span class='ocrx_word' id='word_1_35' title='bbox 84 491 117 525; x_wconf 83' lang='lat' dir='ltr'>San</span> <span class='ocrx_word' id='word_1_36' title='bbox 127 500 189 523; x_wconf 75' lang='lat' dir='ltr'>comm</span> <span class='ocrx_word' id='word_1_37' title='bbox 198 501 226 522; x_wconf 81' lang='lat' dir='ltr'>nsr</span> <span class='ocrx_word' id='word_1_38' title='bbox 235 490 287 534; x_wconf 88' lang='lat' dir='ltr'>quod</span> <span class='ocrx_word' id='word_1_39' title='bbox 294 499 356 532; x_wconf 88' lang='lat' dir='ltr'>ornne,</span> <span class='ocrx_word' id='word_1_40' title='bbox 363 489 415 532; x_wconf 90' lang='lat' dir='ltr'>quod</span> <span class='ocrx_word' id='word_1_41' title='bbox 424 490 448 523; x_wconf 93' lang='lat' dir='ltr'>de</span> <span class='ocrx_word' id='word_1_42' title='bbox 454 489 544 532; x_wconf 90' lang='lat' dir='ltr'>pluribus</span> <span class='ocrx_word' id='word_1_43' title='bbox 552 490 634 525; x_wconf 89' lang='lat' dir='ltr'>univoce</span> <span class='ocrx_word' id='word_1_44' title='bbox 642 491 771 534; x_wconf 85' lang='lat' dir='ltr'>praedicatur,</span> 
     </span>
     <span class='ocr_line' id='line_1_7' title="bbox 20 543 771 588; baseline -0.004 -5"><span class='ocrx_word' id='word_1_45' title='bbox 20 548 50 583; x_wconf 81' lang='lat' dir='ltr'>rel</span> <span class='ocrx_word' id='word_1_46' title='bbox 62 549 92 580; x_wconf 90' lang='lat' dir='ltr'>est</span> <span class='ocrx_word' id='word_1_47' title='bbox 103 555 166 588; x_wconf 76' lang='lat' dir='ltr'>genus</span> <span class='ocrx_word' id='word_1_48' title='bbox 178 545 209 579; x_wconf 87' lang='lat' dir='ltr'>vel</span> <span class='ocrx_word' id='word_1_49' title='bbox 222 544 295 588; x_wconf 88' lang='lat' dir='ltr'>species</span> <span class='ocrx_word' id='word_1_50' title='bbox 308 545 338 579; x_wconf 90' lang='lat' dir='ltr'>vel</span> <span class='ocrx_word' id='word_1_51' title='bbox 351 543 461 578; x_wconf 78' lang='lat' dir='ltr'>differentia</span> <span class='ocrx_word' id='word_1_52' title='bbox 472 545 503 578; x_wconf 90' lang='lat' dir='ltr'>vel</span> <span class='ocrx_word' id='word_1_53' title='bbox 515 545 617 588; x_wconf 90' lang='lat' dir='ltr'>proprium</span> <span class='ocrx_word' id='word_1_54' title='bbox 632 546 663 580; x_wconf 91' lang='lat' dir='ltr'>vel</span> <span class='ocrx_word' id='word_1_55' title='bbox 677 547 771 582; x_wconf 84' lang='lat' dir='ltr'>accidens.</span> 
     </span>
     <span class='ocr_line' id='line_1_8' title="bbox 20 598 771 643; baseline -0.003 -6"><span class='ocrx_word' id='word_1_56' title='bbox 20 603 57 637; x_wconf 83' lang='lat' dir='ltr'>Sed</span> <span class='ocrx_word' id='word_1_57' title='bbox 68 600 179 634; x_wconf 89' lang='lat' dir='ltr'>universale</span> <span class='ocrx_word' id='word_1_58' title='bbox 191 603 221 634; x_wconf 90' lang='lat' dir='ltr'>est</span> <span class='ocrx_word' id='word_1_59' title='bbox 228 599 281 641; x_wconf 87' lang='lat' dir='ltr'>illud,</span> <span class='ocrx_word' id='word_1_60' title='bbox 293 599 346 642; x_wconf 89' lang='lat' dir='ltr'>quod</span> <span class='ocrx_word' id='word_1_61' title='bbox 355 598 437 632; x_wconf 78' lang='lat' dir='ltr'>univoce</span> <span class='ocrx_word' id='word_1_62' title='bbox 445 599 568 640; x_wconf 90' lang='lat' dir='ltr'>praedicatur</span> <span class='ocrx_word' id='word_1_63' title='bbox 576 600 599 633; x_wconf 89' lang='lat' dir='ltr'>de</span> <span class='ocrx_word' id='word_1_64' title='bbox 608 600 679 643; x_wconf 89' lang='lat' dir='ltr'>multis,</span> <span class='ocrx_word' id='word_1_65' title='bbox 692 605 713 635; x_wconf 90' lang='lat' dir='ltr'>ut</span> <span class='ocrx_word' id='word_1_66' title='bbox 726 601 771 635; x_wconf 89' lang='lat' dir='ltr'>dicit</span> 
     </span>
     <span class='ocr_line' id='line_1_9' title="bbox 19 653 671 696; baseline -0.003 -7"><span class='ocrx_word' id='word_1_67' title='bbox 19 655 150 696; x_wconf 87' lang='lat' dir='ltr'>Philosophus</span> <span class='ocrx_word' id='word_1_68' title='bbox 162 655 171 687; x_wconf 83' lang='lat'>1</span> <span class='ocrx_word' id='word_1_69' title='bbox 184 654 248 688; x_wconf 81' lang='lat' dir='ltr'>Ethc‘c.</span> <span class='ocrx_word' id='word_1_70' title='bbox 260 663 275 687; x_wconf 90' lang='lat' dir='ltr'>c.</span> <span class='ocrx_word' id='word_1_71' title='bbox 288 655 303 687; x_wconf 79' lang='grc'>6.</span> <span class='ocrx_word' id='word_1_72' title='bbox 327 654 380 695; x_wconf 83' lang='lat' dir='ltr'>Ergo</span> <span class='ocrx_word' id='word_1_73' title='bbox 392 653 510 687; x_wconf 83' lang='lat' dir='ltr'>universalia</span> <span class='ocrx_word' id='word_1_74' title='bbox 523 656 568 687; x_wconf 88' lang='lat' dir='ltr'>sunt</span> <span class='ocrx_word' id='word_1_75' title='bbox 580 654 671 696; x_wconf 87' lang='lat' dir='ltr'>quinque.</span> 
     </span>
    </p>
   </div>
   <div class='ocr_carea' id='block_1_3' title="bbox 19 717 781 2444">
    <p class='ocr_par' dir='ltr' id='par_1_4' title="bbox 19 717 777 1621">
     <span class='ocr_line' id='line_1_10' title="bbox 85 717 771 761; baseline 0 -9"><span class='ocrx_word' id='word_1_76' title='bbox 85 719 183 752; x_wconf 77' lang='lat' dir='ltr'>Rnsroruro</span> <span class='ocrx_word' id='word_1_77' title='bbox 190 728 270 750; x_wconf 78' lang='lat' dir='ltr'>nicaunuu</span> <span class='ocrx_word' id='word_1_78' title='bbox 282 718 335 760; x_wconf 86' lang='lat' dir='ltr'>quod</span> <span class='ocrx_word' id='word_1_79' title='bbox 344 718 411 750; x_wconf 86' lang='lat' dir='ltr'>eadem</span> <span class='ocrx_word' id='word_1_80' title='bbox 419 726 451 751; x_wconf 89' lang='lat' dir='ltr'>res</span> <span class='ocrx_word' id='word_1_81' title='bbox 461 717 531 751; x_wconf 86' lang='lat' dir='ltr'>dicitur</span> <span class='ocrx_word' id='word_1_82' title='bbox 539 717 661 759; x_wconf 88' lang='lat' dir='ltr'>universalis,</span> <span class='ocrx_word' id='word_1_83' title='bbox 674 722 771 761; x_wconf 85' lang='lat' dir='ltr'>quatenus</span> 
     </span>
     <span class='ocr_line' id='line_1_11' title="bbox 19 770 773 813; baseline -0.003 -7"><span class='ocrx_word' id='word_1_84' title='bbox 19 774 46 807; x_wconf 82' lang='lat' dir='ltr'>illi</span> <span class='ocrx_word' id='word_1_85' title='bbox 58 772 171 805; x_wconf 82' lang='lat' dir='ltr'>attribuitur</span> <span class='ocrx_word' id='word_1_86' title='bbox 186 782 229 805; x_wconf 91' lang='lat' dir='ltr'>esse</span> <span class='ocrx_word' id='word_1_87' title='bbox 244 772 264 804; x_wconf 90' lang='lat' dir='ltr'>in</span> <span class='ocrx_word' id='word_1_88' title='bbox 279 771 351 812; x_wconf 88' lang='lat' dir='ltr'>multis,</span> <span class='ocrx_word' id='word_1_89' title='bbox 366 770 501 812; x_wconf 88' lang='lat' dir='ltr'>praedicabilis</span> <span class='ocrx_word' id='word_1_90' title='bbox 517 780 569 811; x_wconf 87' lang='lat' dir='ltr'>vero,</span> <span class='ocrx_word' id='word_1_91' title='bbox 585 774 681 813; x_wconf 87' lang='lat' dir='ltr'>quatenus</span> <span class='ocrx_word' id='word_1_92' title='bbox 696 772 723 804; x_wconf 91' lang='lat' dir='ltr'>illi</span> <span class='ocrx_word' id='word_1_93' title='bbox 739 772 773 804; x_wconf 89' lang='lat' dir='ltr'>tri-</span> 
     </span>
     <span class='ocr_line' id='line_1_12' title="bbox 20 823 774 866; baseline -0.004 -6"><span class='ocrx_word' id='word_1_94' title='bbox 20 826 86 860; x_wconf 86' lang='lat' dir='ltr'>buitur</span> <span class='ocrx_word' id='word_1_95' title='bbox 98 825 136 858; x_wconf 89' lang='lat' dir='ltr'>dici</span> <span class='ocrx_word' id='word_1_96' title='bbox 147 825 171 858; x_wconf 90' lang='lat' dir='ltr'>de</span> <span class='ocrx_word' id='word_1_97' title='bbox 184 825 255 859; x_wconf 82' lang='lat' dir='ltr'>inultis.</span> <span class='ocrx_word' id='word_1_98' title='bbox 277 824 336 864; x_wconf 84' lang='lat' dir='ltr'>Unde,</span> <span class='ocrx_word' id='word_1_99' title='bbox 351 824 404 865; x_wconf 89' lang='lat' dir='ltr'>quod</span> <span class='ocrx_word' id='word_1_100' title='bbox 419 823 537 857; x_wconf 84' lang='lat' dir='ltr'>universalia</span> <span class='ocrx_word' id='word_1_101' title='bbox 549 827 595 857; x_wconf 90' lang='lat' dir='ltr'>sunt</span> <span class='ocrx_word' id='word_1_102' title='bbox 606 824 698 866; x_wconf 85' lang='lat' dir='ltr'>quinque,</span> <span class='ocrx_word' id='word_1_103' title='bbox 713 825 774 858; x_wconf 85' lang='lat' dir='ltr'>mani-</span> 
     </span>
     <span class='ocr_line' id='line_1_13' title="bbox 20 877 774 920; baseline 0 -8"><span class='ocrx_word' id='word_1_104' title='bbox 20 880 102 913; x_wconf 85' lang='lat' dir='ltr'>festatur</span> <span class='ocrx_word' id='word_1_105' title='bbox 114 888 139 911; x_wconf 82' lang='lat' dir='ltr'>ex</span> <span class='ocrx_word' id='word_1_106' title='bbox 150 878 263 911; x_wconf 85' lang='lat' dir='ltr'>habitudine</span> <span class='ocrx_word' id='word_1_107' title='bbox 274 878 380 920; x_wconf 86' lang='lat' dir='ltr'>praedicati</span> <span class='ocrx_word' id='word_1_108' title='bbox 391 878 415 911; x_wconf 90' lang='lat' dir='ltr'>ad</span> <span class='ocrx_word' id='word_1_109' title='bbox 425 877 538 911; x_wconf 89' lang='lat' dir='ltr'>subiectum.</span> <span class='ocrx_word' id='word_1_110' title='bbox 560 878 597 911; x_wconf 84' lang='lat' dir='ltr'>Sed</span> <span class='ocrx_word' id='word_1_111' title='bbox 607 878 670 911; x_wconf 89' lang='lat' dir='ltr'>omnis</span> <span class='ocrx_word' id='word_1_112' title='bbox 679 879 774 912; x_wconf 86' lang='lat' dir='ltr'>habitudo</span> 
     </span>
     <span class='ocr_line' id='line_1_14' title="bbox 21 931 774 975; baseline 0 -10"><span class='ocrx_word' id='word_1_113' title='bbox 21 931 125 975; x_wconf 87' lang='lat' dir='ltr'>praedicati</span> <span class='ocrx_word' id='word_1_114' title='bbox 143 931 167 965; x_wconf 88' lang='lat' dir='ltr'>ad</span> <span class='ocrx_word' id='word_1_115' title='bbox 185 932 293 965; x_wconf 89' lang='lat' dir='ltr'>subiectum</span> <span class='ocrx_word' id='word_1_116' title='bbox 308 932 340 965; x_wconf 91' lang='lat' dir='ltr'>vel</span> <span class='ocrx_word' id='word_1_117' title='bbox 354 934 384 964; x_wconf 90' lang='lat' dir='ltr'>est</span> <span class='ocrx_word' id='word_1_118' title='bbox 402 931 536 964; x_wconf 85' lang='lat' dir='ltr'>substantialis</span> <span class='ocrx_word' id='word_1_119' title='bbox 554 931 585 964; x_wconf 88' lang='lat' dir='ltr'>vel</span> <span class='ocrx_word' id='word_1_120' title='bbox 602 931 724 965; x_wconf 88' lang='lat' dir='ltr'>accidentalis</span> <span class='ocrx_word' id='word_1_121' title='bbox 742 932 774 965; x_wconf 91' lang='lat' dir='ltr'>vel</span> 
     </span>
     <span class='ocr_line' id='line_1_15' title="bbox 21 984 774 1029; baseline 0 -10"><span class='ocrx_word' id='word_1_122' title='bbox 21 984 84 1019; x_wconf 89' lang='lat' dir='ltr'>media</span> <span class='ocrx_word' id='word_1_123' title='bbox 92 985 143 1019; x_wconf 88' lang='lat' dir='ltr'>inter</span> <span class='ocrx_word' id='word_1_124' title='bbox 153 988 256 1029; x_wconf 86' lang='lat' dir='ltr'>utramque</span> <span class='ocrx_word' id='word_1_125' title='bbox 265 988 346 1028; x_wconf 88' lang='lat' dir='ltr'>partem,</span> <span class='ocrx_word' id='word_1_126' title='bbox 357 994 381 1019; x_wconf 89' lang='lat' dir='ltr'>sc.</span> <span class='ocrx_word' id='word_1_127' title='bbox 389 984 506 1019; x_wconf 90' lang='lat' dir='ltr'>conveniens</span> <span class='ocrx_word' id='word_1_128' title='bbox 515 984 587 1027; x_wconf 90' lang='lat' dir='ltr'>partim</span> <span class='ocrx_word' id='word_1_129' title='bbox 596 994 639 1019; x_wconf 82' lang='lat' dir='ltr'>curn</span> <span class='ocrx_word' id='word_1_130' title='bbox 648 995 691 1028; x_wconf 92' lang='lat' dir='ltr'>una,</span> <span class='ocrx_word' id='word_1_131' title='bbox 701 985 774 1029; x_wconf 86' lang='lat' dir='ltr'>partim</span> 
     </span>
     <span class='ocr_line' id='line_1_16' title="bbox 22 1038 774 1082; baseline -0.001 -7"><span class='ocrx_word' id='word_1_132' title='bbox 22 1049 65 1075; x_wconf 84' lang='lat' dir='ltr'>curn</span> <span class='ocrx_word' id='word_1_133' title='bbox 74 1039 139 1074; x_wconf 89' lang='lat' dir='ltr'>altera.</span> <span class='ocrx_word' id='word_1_134' title='bbox 156 1039 276 1075; x_wconf 90' lang='lat' dir='ltr'>Praedicatio</span> <span class='ocrx_word' id='word_1_135' title='bbox 285 1042 349 1075; x_wconf 82' lang='lat' dir='ltr'>auteur</span> <span class='ocrx_word' id='word_1_136' title='bbox 357 1039 501 1074; x_wconf 79' lang='lat' dir='ltr'>srrbstanticb&#39;s</span> <span class='ocrx_word' id='word_1_137' title='bbox 512 1038 572 1074; x_wconf 80' lang='lat' dir='ltr'>efficit</span> <span class='ocrx_word' id='word_1_138' title='bbox 584 1039 621 1074; x_wconf 90' lang='lat' dir='ltr'>tria</span> <span class='ocrx_word' id='word_1_139' title='bbox 632 1040 774 1082; x_wconf 81' lang='lat' dir='ltr'>praedicabilia.</span> 
     </span>
     <span class='ocr_line' id='line_1_17' title="bbox 22 1094 775 1139; baseline 0 -9"><span class='ocrx_word' id='word_1_140' title='bbox 22 1097 70 1130; x_wconf 85' lang='lat' dir='ltr'>Nam</span> <span class='ocrx_word' id='word_1_141' title='bbox 77 1096 130 1138; x_wconf 87' lang='lat' dir='ltr'>quod</span> <span class='ocrx_word' id='word_1_142' title='bbox 136 1095 390 1139; x_wconf 86' lang='lat' dir='ltr'>praedicaturessentialiter</span> <span class='ocrx_word' id='word_1_143' title='bbox 397 1096 421 1129; x_wconf 90' lang='lat' dir='ltr'>de</span> <span class='ocrx_word' id='word_1_144' title='bbox 428 1094 497 1137; x_wconf 84' lang='lat' dir='ltr'>aliquo,</span> <span class='ocrx_word' id='word_1_145' title='bbox 501 1095 532 1129; x_wconf 90' lang='lat' dir='ltr'>vei</span> <span class='ocrx_word' id='word_1_146' title='bbox 538 1095 636 1137; x_wconf 86' lang='lat' dir='ltr'>praedicat</span> <span class='ocrx_word' id='word_1_147' title='bbox 643 1098 703 1129; x_wconf 84' lang='lat' dir='ltr'>totam</span> <span class='ocrx_word' id='word_1_148' title='bbox 710 1105 775 1130; x_wconf 89' lang='lat' dir='ltr'>essen-</span> 
     </span>
     <span class='ocr_line' id='line_1_18' title="bbox 22 1149 773 1193; baseline 0 -9"><span class='ocrx_word' id='word_1_149' title='bbox 22 1151 67 1184; x_wconf 87' lang='lat' dir='ltr'>tiam</span> <span class='ocrx_word' id='word_1_150' title='bbox 73 1149 130 1193; x_wconf 90' lang='lat' dir='ltr'>illius,</span> <span class='ocrx_word' id='word_1_151' title='bbox 135 1153 154 1184; x_wconf 87' lang='lat' dir='ltr'>et</span> <span class='ocrx_word' id='word_1_152' title='bbox 160 1153 190 1183; x_wconf 89' lang='lat' dir='ltr'>est</span> <span class='ocrx_word' id='word_1_153' title='bbox 195 1150 328 1193; x_wconf 87' lang='lat' dir='ltr'>praedicabile,</span> <span class='ocrx_word' id='word_1_154' title='bbox 332 1150 385 1193; x_wconf 86' lang='lat' dir='ltr'>quod</span> <span class='ocrx_word' id='word_1_155' title='bbox 392 1150 462 1184; x_wconf 89' lang='lat' dir='ltr'>dicitur</span> <span class='ocrx_word' id='word_1_156' title='bbox 468 1150 548 1192; x_wconf 65' lang='lat' dir='ltr'>speclea·</span> <span class='ocrx_word' id='word_1_157' title='bbox 555 1150 586 1184; x_wconf 94' lang='lat' dir='ltr'>vel</span> <span class='ocrx_word' id='word_1_158' title='bbox 593 1150 692 1192; x_wconf 86' lang='lat' dir='ltr'>praedicat</span> <span class='ocrx_word' id='word_1_159' title='bbox 697 1153 773 1193; x_wconf 87' lang='lat' dir='ltr'>partem</span> 
     </span>
     <span class='ocr_line' id='line_1_19' title="bbox 21 1204 775 1246; baseline 0 -8"><span class='ocrx_word' id='word_1_160' title='bbox 21 1204 122 1246; x_wconf 87' lang='lat' dir='ltr'>essentiae,</span> <span class='ocrx_word' id='word_1_161' title='bbox 134 1204 168 1238; x_wconf 89' lang='lat' dir='ltr'>sed</span> <span class='ocrx_word' id='word_1_162' title='bbox 179 1204 303 1246; x_wconf 83' lang='lat' dir='ltr'>materialem,</span> <span class='ocrx_word' id='word_1_163' title='bbox 315 1207 334 1238; x_wconf 90' lang='lat' dir='ltr'>et</span> <span class='ocrx_word' id='word_1_164' title='bbox 344 1207 374 1237; x_wconf 86' lang='lat' dir='ltr'>est</span> <span class='ocrx_word' id='word_1_165' title='bbox 383 1214 455 1246; x_wconf 54' lang='lat' dir='ltr'>petza&amp;</span> <span class='ocrx_word' id='word_1_166' title='bbox 468 1204 499 1238; x_wconf 88' lang='lat' dir='ltr'>vel</span> <span class='ocrx_word' id='word_1_167' title='bbox 509 1206 585 1246; x_wconf 86' lang='lat' dir='ltr'>partem</span> <span class='ocrx_word' id='word_1_168' title='bbox 593 1204 701 1244; x_wconf 77' lang='lat' dir='ltr'>formalem,</span> <span class='ocrx_word' id='word_1_169' title='bbox 713 1207 732 1238; x_wconf 92' lang='lat' dir='ltr'>et</span> <span class='ocrx_word' id='word_1_170' title='bbox 744 1208 775 1238; x_wconf 92' lang='lat' dir='ltr'>est</span> 
     </span>
     <span class='ocr_line' id='line_1_20' title="bbox 23 1258 775 1300; baseline -0.001 -7"><span class='ocrx_word' id='word_1_171' title='bbox 23 1259 144 1293; x_wconf 73' lang='lat' dir='ltr'>(ltft&#39;crentiu.</span> <span class='ocrx_word' id='word_1_172' title='bbox 153 1258 272 1292; x_wconf 88' lang='lat' dir='ltr'>Praedicatio</span> <span class='ocrx_word' id='word_1_173' title='bbox 279 1268 326 1292; x_wconf 92' lang='lat' dir='ltr'>vero</span> <span class='ocrx_word' id='word_1_174' title='bbox 331 1258 567 1292; x_wconf 79' lang='lat' dir='ltr'>accidentalisconstituit</span> <span class='ocrx_word' id='word_1_175' title='bbox 573 1268 634 1292; x_wconf 89' lang='lat' dir='ltr'>unum</span> <span class='ocrx_word' id='word_1_176' title='bbox 640 1259 775 1300; x_wconf 78' lang='lat' dir='ltr'>praedicabile,</span> 
     </span>
     <span class='ocr_line' id='line_1_21' title="bbox 23 1311 776 1355; baseline 0 -10"><span class='ocrx_word' id='word_1_177' title='bbox 23 1312 75 1354; x_wconf 83' lang='lat' dir='ltr'>quod</span> <span class='ocrx_word' id='word_1_178' title='bbox 87 1314 117 1345; x_wconf 92' lang='lat' dir='ltr'>est</span> <span class='ocrx_word' id='word_1_179' title='bbox 126 1312 223 1354; x_wconf 76' lang='lat' dir='ltr'>(recidens,</span> <span class='ocrx_word' id='word_1_180' title='bbox 237 1312 289 1354; x_wconf 83' lang='lat' dir='ltr'>quod</span> <span class='ocrx_word' id='word_1_181' title='bbox 299 1311 395 1355; x_wconf 79' lang='lat' dir='ltr'>significat</span> <span class='ocrx_word' id='word_1_182' title='bbox 406 1312 432 1353; x_wconf 92' lang='lat' dir='ltr'>id,</span> <span class='ocrx_word' id='word_1_183' title='bbox 444 1312 497 1353; x_wconf 89' lang='lat' dir='ltr'>quod</span> <span class='ocrx_word' id='word_1_184' title='bbox 509 1314 538 1345; x_wconf 89' lang='lat' dir='ltr'>est</span> <span class='ocrx_word' id='word_1_185' title='bbox 549 1314 627 1353; x_wconf 90' lang='lat' dir='ltr'>praeter</span> <span class='ocrx_word' id='word_1_186' title='bbox 639 1313 744 1345; x_wconf 87' lang='lat' dir='ltr'>essentiam</span> <span class='ocrx_word' id='word_1_187' title='bbox 756 1316 776 1345; x_wconf 86' lang='lat' dir='ltr'>et</span> 
     </span>
     <span class='ocr_line' id='line_1_22' title="bbox 22 1365 775 1407; baseline 0.001 -9"><span class='ocrx_word' id='word_1_188' title='bbox 22 1375 60 1398; x_wconf 91' lang='lat' dir='ltr'>non</span> <span class='ocrx_word' id='word_1_189' title='bbox 73 1368 164 1398; x_wconf 85' lang='lat' dir='ltr'>causatur</span> <span class='ocrx_word' id='word_1_190' title='bbox 176 1374 200 1398; x_wconf 85' lang='lat' dir='ltr'>ex</span> <span class='ocrx_word' id='word_1_191' title='bbox 211 1365 248 1407; x_wconf 91' lang='lat' dir='ltr'>illa,</span> <span class='ocrx_word' id='word_1_192' title='bbox 263 1368 285 1398; x_wconf 92' lang='lat' dir='ltr'>ut</span> <span class='ocrx_word' id='word_1_193' title='bbox 297 1366 369 1405; x_wconf 91' lang='lat' dir='ltr'>sedere,</span> <span class='ocrx_word' id='word_1_194' title='bbox 386 1367 437 1398; x_wconf 88' lang='lat' dir='ltr'>stare</span> <span class='ocrx_word' id='word_1_195' title='bbox 452 1365 523 1398; x_wconf 90' lang='lat' dir='ltr'>dicitur</span> <span class='ocrx_word' id='word_1_196' title='bbox 538 1365 631 1399; x_wconf 89' lang='lat' dir='ltr'>accidens.</span> <span class='ocrx_word' id='word_1_197' title='bbox 654 1366 775 1399; x_wconf 83' lang='lat' dir='ltr'>Praedicatio</span> 
     </span>
     <span class='ocr_line' id='line_1_23' title="bbox 22 1417 776 1460; baseline -0.001 -8"><span class='ocrx_word' id='word_1_198' title='bbox 22 1428 69 1452; x_wconf 92' lang='lat' dir='ltr'>vero</span> <span class='ocrx_word' id='word_1_199' title='bbox 78 1419 146 1452; x_wconf 78' lang='lat' dir='ltr'>rrteclta</span> <span class='ocrx_word' id='word_1_200' title='bbox 154 1418 254 1452; x_wconf 83' lang='lat' dir='ltr'>constituit</span> <span class='ocrx_word' id='word_1_201' title='bbox 262 1418 314 1451; x_wconf 91' lang='lat' dir='ltr'>aliud</span> <span class='ocrx_word' id='word_1_202' title='bbox 321 1418 455 1460; x_wconf 85' lang='lat' dir='ltr'>praedicabile,</span> <span class='ocrx_word' id='word_1_203' title='bbox 464 1419 517 1459; x_wconf 86' lang='lat' dir='ltr'>quod</span> <span class='ocrx_word' id='word_1_204' title='bbox 525 1417 595 1451; x_wconf 90' lang='lat' dir='ltr'>dicitur</span> <span class='ocrx_word' id='word_1_205' title='bbox 601 1419 717 1460; x_wconf 64' lang='lat' dir='ltr'>propitum.</span> <span class='ocrx_word' id='word_1_206' title='bbox 733 1419 776 1451; x_wconf 90' lang='lat' dir='ltr'>Hoc</span> 
     </span>
     <span class='ocr_line' id='line_1_24' title="bbox 22 1470 777 1513; baseline 0 -8"><span class='ocrx_word' id='word_1_207' title='bbox 22 1472 73 1505; x_wconf 88' lang='lat' dir='ltr'>enim</span> <span class='ocrx_word' id='word_1_208' title='bbox 85 1470 175 1505; x_wconf 88' lang='lat' dir='ltr'>convenit</span> <span class='ocrx_word' id='word_1_209' title='bbox 187 1480 230 1504; x_wconf 91' lang='lat' dir='ltr'>cum</span> <span class='ocrx_word' id='word_1_210' title='bbox 242 1471 352 1513; x_wconf 89' lang='lat' dir='ltr'>praedicato</span> <span class='ocrx_word' id='word_1_211' title='bbox 365 1470 487 1504; x_wconf 84' lang='lat' dir='ltr'>substantiali</span> <span class='ocrx_word' id='word_1_212' title='bbox 499 1471 519 1504; x_wconf 93' lang='lat' dir='ltr'>in</span> <span class='ocrx_word' id='word_1_213' title='bbox 530 1471 572 1512; x_wconf 90' lang='lat' dir='ltr'>hoc,</span> <span class='ocrx_word' id='word_1_214' title='bbox 584 1471 637 1513; x_wconf 88' lang='lat' dir='ltr'>quod</span> <span class='ocrx_word' id='word_1_215' title='bbox 649 1475 740 1505; x_wconf 85' lang='lat' dir='ltr'>causatur</span> <span class='ocrx_word' id='word_1_216' title='bbox 752 1482 777 1505; x_wconf 80' lang='lat' dir='ltr'>ex</span> 
     </span>
     <span class='ocr_line' id='line_1_25' title="bbox 22 1523 777 1568; baseline 0.001 -10"><span class='ocrx_word' id='word_1_217' title='bbox 22 1523 122 1566; x_wconf 84' lang='lat' dir='ltr'>principiis</span> <span class='ocrx_word' id='word_1_218' title='bbox 134 1524 270 1559; x_wconf 88' lang='lat' dir='ltr'>essentialibus</span> <span class='ocrx_word' id='word_1_219' title='bbox 283 1524 357 1566; x_wconf 91' lang='lat' dir='ltr'>speciei,</span> <span class='ocrx_word' id='word_1_220' title='bbox 370 1534 414 1558; x_wconf 84' lang='lat' dir='ltr'>curn</span> <span class='ocrx_word' id='word_1_221' title='bbox 426 1523 537 1558; x_wconf 88' lang='lat' dir='ltr'>accidentali</span> <span class='ocrx_word' id='word_1_222' title='bbox 549 1534 602 1566; x_wconf 90' lang='lat' dir='ltr'>vero,</span> <span class='ocrx_word' id='word_1_223' title='bbox 614 1524 660 1567; x_wconf 89' lang='lat' dir='ltr'>quia</span> <span class='ocrx_word' id='word_1_224' title='bbox 671 1535 734 1568; x_wconf 91' lang='lat' dir='ltr'>neque</span> <span class='ocrx_word' id='word_1_225' title='bbox 746 1529 777 1559; x_wconf 89' lang='lat' dir='ltr'>est</span> 
     </span>
     <span class='ocr_line' id='line_1_26' title="bbox 22 1577 689 1621; baseline 0 -9"><span class='ocrx_word' id='word_1_226' title='bbox 22 1578 106 1612; x_wconf 85' lang='lat' dir='ltr'>essentia</span> <span class='ocrx_word' id='word_1_227' title='bbox 115 1578 143 1612; x_wconf 90' lang='lat' dir='ltr'>rei</span> <span class='ocrx_word' id='word_1_228' title='bbox 155 1587 217 1620; x_wconf 82' lang='lat' dir='ltr'>neque</span> <span class='ocrx_word' id='word_1_229' title='bbox 229 1587 276 1620; x_wconf 87' lang='lat' dir='ltr'>pars</span> <span class='ocrx_word' id='word_1_230' title='bbox 288 1577 388 1620; x_wconf 87' lang='lat' dir='ltr'>essentiae,</span> <span class='ocrx_word' id='word_1_231' title='bbox 401 1579 435 1611; x_wconf 90' lang='lat' dir='ltr'>sed</span> <span class='ocrx_word' id='word_1_232' title='bbox 447 1577 519 1620; x_wconf 86' lang='lat' dir='ltr'>aliquid</span> <span class='ocrx_word' id='word_1_233' title='bbox 531 1580 609 1621; x_wconf 86' lang='lat' dir='ltr'>praeter</span> <span class='ocrx_word' id='word_1_234' title='bbox 619 1579 689 1621; x_wconf 90' lang='lat' dir='ltr'>ipsam.</span> 
     </span>
    </p>

    <p class='ocr_par' dir='ltr' id='par_1_5' title="bbox 23 1632 778 1947">
     <span class='ocr_line' id='line_1_27' title="bbox 89 1632 778 1678; baseline 0 -10"><span class='ocrx_word' id='word_1_235' title='bbox 89 1632 154 1668; x_wconf 84' lang='lat' dir='ltr'>Genus</span> <span class='ocrx_word' id='word_1_236' title='bbox 164 1642 211 1676; x_wconf 84' lang='lat' dir='ltr'>ergo</span> <span class='ocrx_word' id='word_1_237' title='bbox 219 1632 337 1668; x_wconf 67' lang='lat' dir='ltr'>[terminabat</span> <span class='ocrx_word' id='word_1_238' title='bbox 343 1633 472 1676; x_wconf 90' lang='lat' dir='ltr'>compositum</span> <span class='ocrx_word' id='word_1_239' title='bbox 482 1633 609 1669; x_wconf 89' lang='lat' dir='ltr'>substantiale</span> <span class='ocrx_word' id='word_1_240' title='bbox 617 1634 641 1668; x_wconf 89' lang='lat' dir='ltr'>ab</span> <span class='ocrx_word' id='word_1_241' title='bbox 650 1644 677 1676; x_wconf 88' lang='lat' dir='ltr'>eo,</span> <span class='ocrx_word' id='word_1_242' title='bbox 686 1634 739 1678; x_wconf 86' lang='lat' dir='ltr'>quod</span> <span class='ocrx_word' id='word_1_243' title='bbox 747 1637 778 1668; x_wconf 84' lang='lat' dir='ltr'>est</span> 
     </span>
     <span class='ocr_line' id='line_1_28' title="bbox 23 1688 778 1732; baseline 0.003 -11"><span class='ocrx_word' id='word_1_244' title='bbox 23 1688 121 1723; x_wconf 85' lang='lat' dir='ltr'>materiale</span> <span class='ocrx_word' id='word_1_245' title='bbox 130 1688 207 1731; x_wconf 89' lang='lat' dir='ltr'>inipso,</span> <span class='ocrx_word' id='word_1_246' title='bbox 220 1691 238 1722; x_wconf 89' lang='lat' dir='ltr'>et</span> <span class='ocrx_word' id='word_1_247' title='bbox 246 1688 357 1722; x_wconf 79' lang='lat' dir='ltr'>differentia</span> <span class='ocrx_word' id='word_1_248' title='bbox 365 1698 376 1722; x_wconf 92' lang='lat' dir='ltr'>a</span> <span class='ocrx_word' id='word_1_249' title='bbox 384 1688 480 1732; x_wconf 87' lang='lat' dir='ltr'>principio</span> <span class='ocrx_word' id='word_1_250' title='bbox 491 1689 578 1731; x_wconf 81' lang='lat' dir='ltr'>formali;</span> <span class='ocrx_word' id='word_1_251' title='bbox 590 1689 617 1723; x_wconf 88' lang='lat' dir='ltr'>ita</span> <span class='ocrx_word' id='word_1_252' title='bbox 629 1690 680 1723; x_wconf 91' lang='lat' dir='ltr'>enim</span> <span class='ocrx_word' id='word_1_253' title='bbox 689 1699 709 1723; x_wconf 88' lang='grc' dir='ltr'>εθ</span> <span class='ocrx_word' id='word_1_254' title='bbox 719 1690 778 1723; x_wconf 89' lang='lat' dir='ltr'>habet</span> 
     </span>
     <span class='ocr_line' id='line_1_29' title="bbox 23 1742 778 1786; baseline 0 -10"><span class='ocrx_word' id='word_1_255' title='bbox 23 1753 85 1786; x_wconf 79' lang='lat' dir='ltr'>genus</span> <span class='ocrx_word' id='word_1_256' title='bbox 94 1744 118 1777; x_wconf 89' lang='lat' dir='ltr'>ad</span> <span class='ocrx_word' id='word_1_257' title='bbox 127 1743 262 1784; x_wconf 78' lang='lat' dir='ltr'>differentiam,</span> <span class='ocrx_word' id='word_1_258' title='bbox 275 1742 325 1777; x_wconf 87' lang='lat' dir='ltr'>sicut</span> <span class='ocrx_word' id='word_1_259' title='bbox 333 1743 414 1777; x_wconf 89' lang='lat' dir='ltr'>materia</span> <span class='ocrx_word' id='word_1_260' title='bbox 426 1744 450 1777; x_wconf 91' lang='lat' dir='ltr'>ad</span> <span class='ocrx_word' id='word_1_261' title='bbox 461 1743 551 1777; x_wconf 81' lang='lat' dir='ltr'>formam.</span> <span class='ocrx_word' id='word_1_262' title='bbox 572 1743 649 1786; x_wconf 86' lang='lat' dir='ltr'>Species</span> <span class='ocrx_word' id='word_1_263' title='bbox 661 1754 709 1778; x_wconf 89' lang='lat' dir='ltr'>vero</span> <span class='ocrx_word' id='word_1_264' title='bbox 720 1743 778 1777; x_wconf 88' lang='lat' dir='ltr'>deno-</span> 
     </span>
     <span class='ocr_line' id='line_1_30' title="bbox 24 1797 778 1840; baseline 0 -10"><span class='ocrx_word' id='word_1_265' title='bbox 24 1797 104 1831; x_wconf 84' lang='lat' dir='ltr'>minata</span> <span class='ocrx_word' id='word_1_266' title='bbox 112 1797 192 1831; x_wconf 89' lang='lat' dir='ltr'>materia</span> <span class='ocrx_word' id='word_1_267' title='bbox 201 1800 220 1831; x_wconf 87' lang='lat' dir='ltr'>et</span> <span class='ocrx_word' id='word_1_268' title='bbox 228 1798 292 1831; x_wconf 77' lang='lat' dir='ltr'>torma</span> <span class='ocrx_word' id='word_1_269' title='bbox 301 1797 364 1839; x_wconf 88' lang='lat' dir='ltr'>simul,</span> <span class='ocrx_word' id='word_1_270' title='bbox 376 1797 478 1840; x_wconf 83' lang='lat' dir='ltr'>proprium</span> <span class='ocrx_word' id='word_1_271' title='bbox 487 1799 512 1832; x_wconf 90' lang='lat' dir='ltr'>ab</span> <span class='ocrx_word' id='word_1_272' title='bbox 520 1797 651 1832; x_wconf 84' lang='lat' dir='ltr'>accidentibus</span> <span class='ocrx_word' id='word_1_273' title='bbox 660 1797 743 1831; x_wconf 88' lang='lat' dir='ltr'>causatis</span> <span class='ocrx_word' id='word_1_274' title='bbox 753 1807 778 1831; x_wconf 79' lang='lat' dir='ltr'>ex</span> 
     </span>
     <span class='ocr_line' id='line_1_31' title="bbox 25 1851 778 1894; baseline -0.001 -9"><span class='ocrx_word' id='word_1_275' title='bbox 25 1851 125 1894; x_wconf 87' lang='lat' dir='ltr'>principiis</span> <span class='ocrx_word' id='word_1_276' title='bbox 138 1851 213 1894; x_wconf 89' lang='lat' dir='ltr'>speciei,</span> <span class='ocrx_word' id='word_1_277' title='bbox 226 1851 313 1885; x_wconf 85' lang='lat' dir='ltr'>accidens</span> <span class='ocrx_word' id='word_1_278' title='bbox 326 1852 404 1885; x_wconf 91' lang='lat' dir='ltr'>demum</span> <span class='ocrx_word' id='word_1_279' title='bbox 417 1853 441 1886; x_wconf 88' lang='lat' dir='ltr'>ab</span> <span class='ocrx_word' id='word_1_280' title='bbox 453 1851 584 1885; x_wconf 85' lang='lat' dir='ltr'>accidentibus</span> <span class='ocrx_word' id='word_1_281' title='bbox 597 1852 681 1885; x_wconf 86' lang='lat' dir='ltr'>causatis</span> <span class='ocrx_word' id='word_1_282' title='bbox 693 1862 717 1885; x_wconf 79' lang='lat' dir='ltr'>er</span> <span class='ocrx_word' id='word_1_283' title='bbox 725 1852 778 1892; x_wconf 89' lang='lat' dir='ltr'>priu-</span> 
     </span>
     <span class='ocr_line' id='line_1_32' title="bbox 25 1905 755 1947; baseline 0 -9"><span class='ocrx_word' id='word_1_284' title='bbox 25 1905 79 1947; x_wconf 90' lang='lat' dir='ltr'>cipiis</span> <span class='ocrx_word' id='word_1_285' title='bbox 90 1905 191 1939; x_wconf 70' lang='lat' dir='ltr'>individui.</span> <span class='ocrx_word' id='word_1_286' title='bbox 211 1905 266 1939; x_wconf 89' lang='lat' dir='ltr'>Unde</span> <span class='ocrx_word' id='word_1_287' title='bbox 278 1905 399 1947; x_wconf 87' lang='lat' dir='ltr'>relinquitur,</span> <span class='ocrx_word' id='word_1_288' title='bbox 412 1906 464 1947; x_wconf 87' lang='lat' dir='ltr'>quod</span> <span class='ocrx_word' id='word_1_289' title='bbox 476 1905 562 1947; x_wconf 87' lang='lat' dir='ltr'>quinque</span> <span class='ocrx_word' id='word_1_290' title='bbox 574 1908 620 1938; x_wconf 89' lang='lat' dir='ltr'>sunt</span> <span class='ocrx_word' id='word_1_291' title='bbox 631 1905 755 1939; x_wconf 86' lang='lat' dir='ltr'>universalia.</span> 
     </span>
    </p>

    <p class='ocr_par' dir='ltr' id='par_1_6' title="bbox 25 1968 779 2271">
     <span class='ocr_line' id='line_1_33' title="bbox 89 1968 778 2011; baseline 0 -9"><span class='ocrx_word' id='word_1_292' title='bbox 89 1970 116 2002; x_wconf 80' lang='lat' dir='ltr'>Au</span> <span class='ocrx_word' id='word_1_293' title='bbox 128 1979 191 2001; x_wconf 76' lang='lat' dir='ltr'>raihun</span> <span class='ocrx_word' id='word_1_294' title='bbox 202 1980 244 2001; x_wconf 80' lang='lat' dir='ltr'>anco</span> <span class='ocrx_word' id='word_1_295' title='bbox 256 1979 336 2000; x_wconf 75' lang='lat' dir='ltr'>cicarnun</span> <span class='ocrx_word' id='word_1_296' title='bbox 347 1969 401 2010; x_wconf 88' lang='lat' dir='ltr'>quod</span> <span class='ocrx_word' id='word_1_297' title='bbox 409 1978 444 2002; x_wconf 89' lang='lat' dir='ltr'>ens</span> <span class='ocrx_word' id='word_1_298' title='bbox 452 1979 492 2002; x_wconf 91' lang='lat' dir='ltr'>non</span> <span class='ocrx_word' id='word_1_299' title='bbox 500 1972 530 2002; x_wconf 91' lang='lat' dir='ltr'>est</span> <span class='ocrx_word' id='word_1_300' title='bbox 537 1968 654 2010; x_wconf 89' lang='lat' dir='ltr'>universale,</span> <span class='ocrx_word' id='word_1_301' title='bbox 666 1970 712 2011; x_wconf 89' lang='lat' dir='ltr'>quia</span> <span class='ocrx_word' id='word_1_302' title='bbox 720 1978 778 2002; x_wconf 81' lang='lat' dir='ltr'>cuine</span> 
     </span>
     <span class='ocr_line' id='line_1_34' title="bbox 25 2022 779 2064; baseline 0 -9"><span class='ocrx_word' id='word_1_303' title='bbox 25 2023 135 2056; x_wconf 89' lang='lat' dir='ltr'>universale</span> <span class='ocrx_word' id='word_1_304' title='bbox 150 2022 218 2064; x_wconf 90' lang='lat' dir='ltr'>recipit</span> <span class='ocrx_word' id='word_1_305' title='bbox 232 2022 351 2055; x_wconf 88' lang='lat' dir='ltr'>additionem</span> <span class='ocrx_word' id='word_1_306' title='bbox 366 2022 451 2063; x_wconf 89' lang='lat' dir='ltr'>alicuius,</span> <span class='ocrx_word' id='word_1_307' title='bbox 466 2031 502 2063; x_wconf 88' lang='lat' dir='ltr'>per</span> <span class='ocrx_word' id='word_1_308' title='bbox 517 2023 569 2064; x_wconf 89' lang='lat' dir='ltr'>quod</span> <span class='ocrx_word' id='word_1_309' title='bbox 585 2022 731 2055; x_wconf 83' lang='lat' dir='ltr'>determinatur.</span> <span class='ocrx_word' id='word_1_310' title='bbox 754 2023 779 2054; x_wconf 81' lang='lat' dir='ltr'>At</span> 
     </span>
     <span class='ocr_line' id='line_1_35' title="bbox 25 2075 779 2116; baseline -0.003 -7"><span class='ocrx_word' id='word_1_311' title='bbox 25 2085 60 2109; x_wconf 88' lang='lat' dir='ltr'>ens</span> <span class='ocrx_word' id='word_1_312' title='bbox 72 2085 111 2109; x_wconf 90' lang='lat' dir='ltr'>non</span> <span class='ocrx_word' id='word_1_313' title='bbox 123 2075 191 2116; x_wconf 90' lang='lat' dir='ltr'>recipit</span> <span class='ocrx_word' id='word_1_314' title='bbox 202 2075 320 2108; x_wconf 87' lang='lat' dir='ltr'>additionem</span> <span class='ocrx_word' id='word_1_315' title='bbox 331 2075 390 2108; x_wconf 89' lang='lat' dir='ltr'>ullius</span> <span class='ocrx_word' id='word_1_316' title='bbox 398 2078 500 2108; x_wconf 79' lang='lat' dir='ltr'>extraneae</span> <span class='ocrx_word' id='word_1_317' title='bbox 508 2077 589 2108; x_wconf 86' lang='lat' dir='ltr'>naturae</span> <span class='ocrx_word' id='word_1_318' title='bbox 597 2084 633 2116; x_wconf 84' lang='lat' dir='ltr'>per</span> <span class='ocrx_word' id='word_1_319' title='bbox 641 2076 727 2113; x_wconf 86' lang='lat' dir='ltr'>modum,</span> <span class='ocrx_word' id='word_1_320' title='bbox 740 2084 779 2116; x_wconf 87' lang='lat' dir='ltr'>quo</span> 
     </span>
     <span class='ocr_line' id='line_1_36' title="bbox 26 2128 779 2171; baseline -0.001 -10"><span class='ocrx_word' id='word_1_321' title='bbox 26 2128 135 2161; x_wconf 79' lang='lat' dir='ltr'>differentia</span> <span class='ocrx_word' id='word_1_322' title='bbox 146 2128 224 2161; x_wconf 88' lang='lat' dir='ltr'>additur</span> <span class='ocrx_word' id='word_1_323' title='bbox 233 2128 299 2171; x_wconf 81' lang='lat' dir='ltr'>generi</span> <span class='ocrx_word' id='word_1_324' title='bbox 307 2129 338 2161; x_wconf 86' lang='lat' dir='ltr'>vel</span> <span class='ocrx_word' id='word_1_325' title='bbox 346 2128 434 2161; x_wconf 89' lang='lat' dir='ltr'>accidens</span> <span class='ocrx_word' id='word_1_326' title='bbox 443 2128 534 2161; x_wconf 87' lang='lat' dir='ltr'>subiecto.</span> <span class='ocrx_word' id='word_1_327' title='bbox 554 2128 603 2161; x_wconf 88' lang='lat' dir='ltr'>Nam</span> <span class='ocrx_word' id='word_1_328' title='bbox 611 2128 719 2161; x_wconf 88' lang='lat' dir='ltr'>intellectus</span> <span class='ocrx_word' id='word_1_329' title='bbox 729 2128 779 2161; x_wconf 86' lang='lat' dir='ltr'>entis</span> 
     </span>
     <span class='ocr_line' id='line_1_37' title="bbox 26 2181 779 2225; baseline 0 -11"><span class='ocrx_word' id='word_1_330' title='bbox 26 2181 131 2216; x_wconf 88' lang='lat' dir='ltr'>includitur</span> <span class='ocrx_word' id='word_1_331' title='bbox 138 2183 159 2216; x_wconf 90' lang='lat' dir='ltr'>in</span> <span class='ocrx_word' id='word_1_332' title='bbox 167 2182 263 2223; x_wconf 90' lang='lat' dir='ltr'>omnibus,</span> <span class='ocrx_word' id='word_1_333' title='bbox 273 2191 406 2224; x_wconf 85' lang='lat' dir='ltr'>quaecumque</span> <span class='ocrx_word' id='word_1_334' title='bbox 414 2182 458 2225; x_wconf 83' lang='lat' dir='ltr'>quis</span> <span class='ocrx_word' id='word_1_335' title='bbox 467 2181 600 2224; x_wconf 83' lang='lat' dir='ltr'>apprehendit.</span> <span class='ocrx_word' id='word_1_336' title='bbox 620 2182 721 2220; x_wconf 72' lang='lat' dir='ltr'>Quaelibet</span> <span class='ocrx_word' id='word_1_337' title='bbox 728 2181 779 2215; x_wconf 90' lang='lat' dir='ltr'>enim</span> 
     </span>
     <span class='ocr_line' id='line_1_38' title="bbox 26 2236 330 2271; baseline 0.007 -3"><span class='ocrx_word' id='word_1_338' title='bbox 26 2239 96 2270; x_wconf 84' lang='lat' dir='ltr'>natura</span> <span class='ocrx_word' id='word_1_339' title='bbox 108 2240 138 2271; x_wconf 90' lang='lat' dir='ltr'>est</span> <span class='ocrx_word' id='word_1_340' title='bbox 149 2236 277 2270; x_wconf 89' lang='lat' dir='ltr'>essentialiter</span> <span class='ocrx_word' id='word_1_341' title='bbox 289 2245 330 2270; x_wconf 85' lang='lat' dir='ltr'>ens.</span> 
     </span>
    </p>

    <p class='ocr_par' dir='ltr' id='par_1_7' title="bbox 28 2287 781 2444">
     <span class='ocr_line' id='line_1_39' title="bbox 91 2287 780 2336; baseline -0.003 -11"><span class='ocrx_word' id='word_1_342' title='bbox 91 2292 118 2325; x_wconf 79' lang='lat' dir='ltr'>Aa</span> <span class='ocrx_word' id='word_1_343' title='bbox 136 2302 217 2325; x_wconf 80' lang='lat' dir='ltr'>sacuruun</span> <span class='ocrx_word' id='word_1_344' title='bbox 234 2302 314 2324; x_wconf 79' lang='lat' dir='ltr'>crcmuun</span> <span class='ocrx_word' id='word_1_345' title='bbox 332 2292 384 2336; x_wconf 81' lang='lat' dir='ltr'>quod</span> <span class='ocrx_word' id='word_1_346' title='bbox 402 2287 459 2326; x_wconf 81' lang='lat' dir='ltr'>datrrr</span> <span class='ocrx_word' id='word_1_347' title='bbox 476 2291 562 2325; x_wconf 87' lang='lat' dir='ltr'>medium</span> <span class='ocrx_word' id='word_1_348' title='bbox 580 2290 712 2334; x_wconf 86' lang='lat' dir='ltr'>praedicatum</span> <span class='ocrx_word' id='word_1_349' title='bbox 729 2289 780 2324; x_wconf 90' lang='lat' dir='ltr'>inter</span> 
     </span>
     <span class='ocr_line' id='line_1_40' title="bbox 28 2346 781 2390; baseline -0.001 -10"><span class='ocrx_word' id='word_1_350' title='bbox 28 2347 156 2381; x_wconf 87' lang='lat' dir='ltr'>substantiam</span> <span class='ocrx_word' id='word_1_351' title='bbox 168 2350 187 2381; x_wconf 89' lang='lat' dir='ltr'>et</span> <span class='ocrx_word' id='word_1_352' title='bbox 199 2347 292 2390; x_wconf 86' lang='lat' dir='ltr'>accidens,</span> <span class='ocrx_word' id='word_1_353' title='bbox 308 2350 327 2381; x_wconf 90' lang='lat' dir='ltr'>et</span> <span class='ocrx_word' id='word_1_354' title='bbox 342 2348 395 2390; x_wconf 88' lang='lat' dir='ltr'>quod</span> <span class='ocrx_word' id='word_1_355' title='bbox 406 2348 431 2381; x_wconf 93' lang='lat' dir='ltr'>ad</span> <span class='ocrx_word' id='word_1_356' title='bbox 442 2346 575 2389; x_wconf 87' lang='lat' dir='ltr'>praedicatum</span> <span class='ocrx_word' id='word_1_357' title='bbox 587 2346 719 2388; x_wconf 88' lang='lat' dir='ltr'>substantiale,</span> <span class='ocrx_word' id='word_1_358' title='bbox 734 2346 781 2379; x_wconf 81' lang='lat' dir='ltr'>acci·</span> 
     </span>
     <span class='ocr_line' id='line_1_41' title="bbox 28 2400 781 2444; baseline -0.003 -10"><span class='ocrx_word' id='word_1_359' title='bbox 28 2401 103 2435; x_wconf 85' lang='lat' dir='ltr'>dentale</span> <span class='ocrx_word' id='word_1_360' title='bbox 115 2405 133 2436; x_wconf 90' lang='lat' dir='ltr'>et</span> <span class='ocrx_word' id='word_1_361' title='bbox 145 2402 231 2436; x_wconf 88' lang='lat' dir='ltr'>medium</span> <span class='ocrx_word' id='word_1_362' title='bbox 242 2402 293 2435; x_wconf 88' lang='lat' dir='ltr'>inter</span> <span class='ocrx_word' id='word_1_363' title='bbox 305 2405 410 2444; x_wconf 88' lang='lat' dir='ltr'>utrumque</span> <span class='ocrx_word' id='word_1_364' title='bbox 422 2401 541 2435; x_wconf 89' lang='lat' dir='ltr'>reducuntur</span> <span class='ocrx_word' id='word_1_365' title='bbox 557 2401 642 2443; x_wconf 84' lang='lat' dir='ltr'>quinque</span> <span class='ocrx_word' id='word_1_366' title='bbox 657 2400 781 2434; x_wconf 86' lang='lat' dir='ltr'>universalia.</span> 
     </span>
    </p>
   </div>
   <div class='ocr_carea' id='block_1_4' title="bbox 306 2572 503 2605">
    <p class='ocr_par' dir='ltr' id='par_1_8' title="bbox 306 2572 503 2605">
     <span class='ocr_line' id='line_1_42' title="bbox 306 2572 503 2605; baseline -0.01 -14"><span class='ocrx_word' id='word_1_367' title='bbox 306 2572 503 2605; x_wconf 41' lang='lat' dir='ltr'>wi&amp;—</span> 
     </span>
    </p>
   </div>
   <div class='ocr_carea' id='block_1_5' title="bbox 0 0 941 3062">
    <p class='ocr_par' dir='ltr' id='par_1_9' title="bbox 0 0 941 3062">
     <span class='ocr_line' id='line_1_43' title="bbox 0 0 941 3062; baseline 0 0"><span class='ocrx_word' id='word_1_368' title='bbox 0 0 941 3062; x_wconf 95' lang='lat' dir='ltr'> </span> 
     </span>
    </p>
   </div>
  </div>
 </body>
</html>
