1846 3062
359 167 484 201 PRAEFATIO
749 156 802 194 XIII

112 274 193 311 Auctor
211 269 253 307 fuit
271 269 360 317 insuper
379 269 427 315 Leo,
445 273 469 306 ut
487 280 577 306 aureum
595 269 635 306 hoc
654 279 708 316 opus
726 268 752 305 de
770 267 801 304 in-

47 345 109 389 tegro
119 337 268 387 publicaretur
280 335 392 372 doctorum
403 334 502 372 virorum
511 334 613 371 munibus
622 332 801 371 excellentissime

48 405 177 441 adornatum
192 403 213 437 et
228 399 308 436 celebri
319 398 467 436 Bibliothecae
477 399 607 447 Theologiae
621 402 642 436 et
651 398 802 447 philosophiae

47 466 188 505 scholasticae
209 464 320 501 insertum.
356 464 389 500 Ad
410 474 490 500 nouam
510 475 603 511 namque
627 463 744 501 editionem
765 474 802 510 pa-

47 531 138 568 randam
156 528 255 565 omnibus
270 527 314 564 suis
329 527 414 564 viribus
428 528 541 575 proposito
551 528 583 564 illi
594 539 701 576 perquam
710 527 802 575 paribus

48 597 201 631 concertavere
219 591 244 627 cl.
259 591 281 627 P.
296 591 426 628 Franciscus
443 591 510 628 Ehrle
528 591 547 628 S.
565 592 580 628 Ι.
599 592 688 639 eiusque
705 591 802 628 illustres

48 657 143 703 collegae
158 655 180 691 P.
193 653 323 690 Franciscus
338 654 443 701 Beringer
459 657 479 691 et
490 655 512 691 P.
523 654 658 702 Augustinus
667 655 802 702 Bringmann

48 725 69 759 et
90 721 112 757 P.
135 718 260 756 Bonitacius
281 718 387 765 Felchlin,
414 718 509 756 eiusdem
534 718 648 757 Societatis
669 719 802 766 Presbyteri.

49 787 146 831 Quorum
160 784 259 822 virorum
273 783 349 822 labore
363 795 415 822 vere
429 783 529 833 improbo
542 783 632 823 editioni
643 784 738 822 auctoris
748 784 803 822 Tici-

49 852 109 892 nensi
125 862 231 889 annornm
248 848 335 901 laralia
351 850 417 888 editio
432 850 561 889 Parisiensis
579 862 686 888 annorum
705 848 804 900 li3bl401

49 951 133 983 'thomam
146 959 196 981 suum
210 958 244 980 non
261 948 318 980 animo
336 951 408 986 tantum,
426 949 457 980 sed
471 958 489 980 re
504 948 555 981 etiam
570 959 610 981 vera
624 948 719 981 imitaretm
734 951 751 980 et
766 958 804 980 con-

50 1003 149 1036 formatione
161 1002 235 1043 (medam
247 1005 385 1043 consequeretur:
398 1002 411 1034 si
423 1003 491 1043 quidem
502 1013 552 1034 verus
564 1013 612 1034 amor
623 1002 640 1034 in
648 1003 741 1043 imaginem
752 1003 804 1034 amati

49 1057 157 1089 transformat
172 1058 263 1087 amantem.
286 1057 314 1087 Ad
328 1066 403 1088 sternimur
419 1057 517 1096 Tliealopiac
531 1057 553 1088 D.
570 1057 644 1088 Thamar
661 1058 736 1088 ordinem
751 1059 805 1097 pisina

50 1112 142 1152 (tranaticum
154 1111 171 1139 in
180 1109 288 1149 philosophia
299 1111 400 1148 conficienda
408 1120 440 1141 nan
452 1111 536 1142 uoluntate
544 1111 590 1141 modo
595 1112 675 1150 proniore
684 1111 765 1150 accredere,
776 1113 805 1141 scd

49 1165 141 1194 tentatione
153 1164 202 1193 etiam
210 1165 287 1202 canisiani
291 1172 326 1202 pro
334 1164 398 1202 inperiti
405 1165 469 1194 uiribus
476 1166 561 1195 contendi:
572 1165 664 1194 doctrinam
670 1164 805 1203 philosophicam

51 1219 106 1248 eundern
114 1225 188 1254 pror-ana
199 1216 273 1247 rriciliodo
284 1220 299 1246 et
310 1218 381 1255 tutione,
395 1226 429 1256 qica
439 1218 468 1247 ille
481 1217 601 1257 Tlieolapicam,
613 1218 737 1256 procationibus
748 1222 762 1248 ci
774 1218 806 1248 ltus

51 1270 127 1301 articulis
141 1270 190 1309 pinosi
203 1269 302 1308 penitentiam
317 1270 393 1300 tea-›ninis
407 1270 483 1308 definiet·
501 1271 519 1300 in
533 1269 594 1301 lior'nm
611 1271 682 1309 sinantia
700 1274 805 1310 arminiam,

50 1334 91 1364 qliae
99 1326 168 1363 patriciu
179 1324 271 1363 oppositam
281 1323 360 1364 probunt,
372 1325 431 1363 prima
442 1325 476 1355 loce
491 1325 551 1364 parati·
565 1324 624 1355 deinde
638 1333 673 1364 pro
684 1328 737 1363 petria
751 1326 806 1356 dltcro

51 1377 148 1418 Philosophi
158 1378 274 1409 alletoritatem
285 1378 345 1416 ndieci;
354 1382 456 1418 portaerem
465 1380 560 1410 uiiircrsrnn
570 1378 587 1409 in
597 1379 666 1410 articuli
673 1388 748 1420 corpore,
759 1388 806 1410 ‘narare

51 1435 156 1475 institutaque
167 1433 272 1465 Soractissimi
283 1434 360 1465 Docteric
372 1434 430 1473 frisium
445 1434 545 1474 replicatam
560 1435 612 1465 curiis
627 1434 722 1466 tuitionibus
736 1445 756 1465 rc
771 1435 806 1466 cine

51 1490 128 1520 doctrina
139 1489 209 1520 collectis
220 1490 245 1520 ita
256 1489 357 1530 continuari
373 1493 392 1520 ut
405 1499 438 1520 non
450 1490 497 1521 illins
509 1491 557 1521 ariade
569 1499 640 1529 seriatim,
656 1490 684 1521 sed
695 1490 744 1521 reida
756 1491 804 1521 etiam

51 1544 135 1582 &raiheina
143 1545 252 1584 protulerim,
264 1553 306 1583 qnae
316 1545 343 1574 rei
353 1545 437 1575 aer-natan
447 1545 519 1584 grinarius
530 1545 621 1584 aperirent.

116 1597 173 1637 11111110,
190 1600 226 1628 tam
242 1597 302 1638 plenus
320 1600 356 1629 erat
370 1597 452 1636 Thomae,
474 1597 542 1638 eiusque
557 1597 657 1639 obsequium
671 1598 703 1638 ipsi
717 1601 754 1630 tam
768 1607 806 1630 can-

51 1650 132 1690 natmale,
144 1653 162 1682 ut
171 1650 188 1682 id
197 1650 276 1682 divinitus
283 1651 315 1683 sibi
323 1651 398 1682 evenisse
406 1651 518 1691 prcfiterctmz
534 1651 606 1683 Planum
615 1651 660 1683 enim
669 1652 746 1683 faciendo
756 1652 807 1692 atque

51 1704 143 1743 probando,
160 1715 191 1736 cnr
205 1705 228 1735 aci
241 1706 260 1735 iol
273 1707 349 1737 nrfnnnis
363 1705 460 1745 obeicndunn
477 1706 520 1745 qitod
535 1706 554 1736 ab
569 1707 635 1737 anona
650 1710 665 1736 et
679 1706 724 1736 docta
740 1707 775 1737 tiro
787 1715 807 1735 en

52 1757 130 1789 I’citrihus
138 1758 260 1789 Dominiccnac
270 1759 347 1797 faritiiine
356 1760 414 1798 'carpeti
424 1759 509 1798 deorumn,
522 1760 567 1790 nitro
579 1769 596 1789 se
604 1760 703 1790 intruserit:
714 1769 748 1790 sese
759 1759 807 1799 inihi,

51 1809 109 1850 inquit,
124 1815 158 1842 tom
173 1813 220 1842 attidis·
234 1815 249 1842 et
263 1812 351 1850 fructuosa
365 1812 441 1852 capitatio
456 1813 537 1842 nintninn
551 1813 612 1851 opinor
624 1812 687 1850 obtulit,
702 1814 727 1843 ita
737 1813 808 1851 pertitus

52 1864 112 1894 insedit
123 1865 141 1895 in
152 1867 214 1906 ercinia,
225 1867 272 1897 nullo
283 1869 302 1897 nt
314 1866 361 1897 euelli
367 1866 415 1897 ariade
419 1867 500 1906 potnerit,
513 1866 541 1896 sed
549 1867 572 1896 ad
578 1876 613 1897 aesc
619 1867 669 1897 illinn
676 1875 710 1897 non
718 1867 765 1897 niodo
774 1875 808 1896 raon

53 1918 122 1950 inritum
134 1923 149 1950 ct
160 1923 286 1962 reprnmnnn,
298 1920 326 1951 scd
337 1921 388 1961 picino
398 1921 498 1961 priatdcntcrn
510 1920 559 1951 eiiam
571 1921 630 1961 repitit
641 1924 656 1951 et
668 1920 748 1951 libentem.

117 1974 215 2007 1Canonici
229 1974 322 2015 Regulares
337 1974 390 2007 sancti
405 1974 494 2016 Augustini
509 1974 605 2016 provinciae
620 1974 721 2014 Gallicanae,
736 1984 808 2015 ainornm

52 2033 102 2069 capiat
117 2033 139 2062 est
150 2030 222 2062 Parisiis
236 2030 360 2062 celeberrimum
374 2040 387 2062 s.
400 2019 493 2063 Gerioncrde
507 2032 628 2062 monasterinm
642 2033 693 2071 atque
706 2029 808 2068 institutum,

53 2091 79 2115 an.
92 2085 139 2124 1639,
151 2084 246 2117 Alamanno
258 2087 341 2117 an.1634
353 2084 437 2124 defuncto,
448 2095 511 2117 noram
522 2084 637 2117 instruxenmt
648 2084 741 2117 editionem
752 2084 808 2116 simul-

52 2146 85 2176 que
96 2138 177 2171 volumini
189 2139 217 2171 isti
228 2139 286 2180 quinto
299 2139 377 2171 editionis
385 2139 483 2177 Ticinensis‚
495 2139 521 2171 cui
530 2139 588 2171 deerat
595 2139 656 2171 ultima
667 2139 713 2179 lima,
726 2149 746 2170 eo
758 2139 808 2180 quod,

52 2192 71 2220 ut
81 2190 99 2223 P.
111 2191 163 2224 Ehrle
178 2193 261 2233 opinatur7
275 2194 345 2234 turpabat
358 2194 442 2225 *redeundi
452 2193 567 2225 Mediolanum
582 2195 675 2232 neccessitas,
689 2193 746 2233 plures
758 2202 808 2233 qnae-

53 2242 115 2276 stiones
130 2248 146 2277 et
162 2246 241 2278 articulos
256 2237 361 2287 aptaverunt.
384 2246 430 2278 Neue
444 2246 485 2287 quid
499 2246 629 2285 desideraretur,
643 2247 722 2278 roliunen
737 2249 808 2285 sextum,

53 2298 98 2336 quod
108 2299 187 2331 Ethicam
198 2300 320 2346 complectitur,
336 2303 448 2341 conceperrmt
463 2300 484 2331 de
498 2300 569 2340 integro.
592 2300 640 2339 Quae
652 2301 776 2340 complementa
790 2293 810 2331 ut

52 2350 117 2391 tierent,
136 2356 152 2384 et
170 2353 257 2385 consilium
276 2354 314 2385 iniit
335 2357 351 2385 et
369 2353 479 2394 praecipuum
500 2354 577 2385 laborem
593 2353 677 2394 praestitit
690 2353 709 2385 P.
724 2353 809 2385 lohannes

52 2404 142 2446 Fronteau,
154 2407 263 2439 cancellarius
273 2410 311 2439 tuni
323 2417 335 2440 s.
348 2407 452 2447 Genorevae,
464 2410 501 2439 tum
512 2407 624 2439 mussitatis
636 2406 740 2439 Parisicnsis.

118 2460 161 2493 Ecce
172 2462 229 2494 titulos
241 2461 291 2494 huius
303 2462 381 2494 editionis
392 2461 498 2494 Parisiensis:
597 2458 601 2467 *⁴

118 2515 188 2549 Summa
198 2516 318 2558 Philosophiae
334 2517 340 2552 l
354 2517 374 2550 D.
386 2517 463 2550 Thomas
477 2515 483 2558 ρ’
498 2516 587 2558 Aquinatis
601 2515 607 2556 ,l
623 2515 700 2549 Doctaris
711 2515 789 2557 Angelici
803 2516 810 2558 i

52 2569 77 2602 Ex
85 2570 139 2603 Variis
146 2571 186 2605 Eius
195 2572 242 2605 libris
249 2573 268 2605 ln
276 2572 358 2606 Ordinem
368 2572 374 2614 i
385 2573 447 2606 Cursus
454 2572 569 2613 Philosophici
578 2572 712 2604 accommodata.
721 2571 728 2613 l
736 2571 810 2604 Auctore

52 2623 73 2657 R.
85 2624 103 2657 P.
116 2625 177 2658 Gosmo
188 2627 290 2660 Alamannia
302 2627 422 2660 Mediolanensi
434 2628 440 2670 ς’
452 2626 540 2660 Societatis
551 2627 590 2659 lesu
600 2627 694 2668 Theologo.
724 2626 810 2659 Hactenus

53 2678 72 2710 In
80 2679 137 2712 Galliis
145 2681 250 2722 Desideria,
258 2682 306 2715 Nmic
312 2683 385 2715 Demuni
392 2682 400 2724 „f
409 2682 533 2715 Canonicorum
540 2682 651 2722 Regularimn
657 2681 724 2715 Ordinis
730 2681 747 2713 S.
753 2682 810 2722 Augu-
