1846 3062
223 743 420 784 LECTORIBUS
438 742 587 783 SALUTEM

27 884 140 1000 §tunna
157 900 320 948 philosophicae
337 899 373 935 hic
390 899 521 946 propositae,
542 910 598 946 quae
615 899 669 946 ipsis
686 899 782 936 textibus

27 956 64 1021 vg}
82 964 180 1012 Angelici
187 963 288 1000 Doctoris
296 966 381 1000 constat
390 966 436 999 arte
445 963 507 1010 quasi
515 962 600 999 musiva
609 963 636 999 ad
644 963 783 1010 praeclarum

27 1028 137 1076 exemplar
148 1039 243 1065 summae
253 1027 397 1075 Theologicae
409 1026 521 1074 ordinatis,
537 1026 612 1074 triplae
625 1027 719 1065 maxime
730 1026 783 1065 finis

27 1097 78 1131 esto.

92 1159 166 1198 Pramo
181 1159 209 1197 sit
224 1170 249 1197 ac
263 1157 415 1207 principaliter
431 1157 547 1207 [lignandis
562 1169 637 1196 sacrae
651 1158 783 1208 Theolcgiae

28 1227 120 1264 alumnis
138 1224 308 1275 propaedeutica
329 1225 436 1273 quaedam
456 1225 484 1263 ad
504 1236 609 1262 summam
629 1225 783 1273 Theologicam

27 1292 113 1329 facilius
127 1291 259 1339 uberiusque
274 1290 441 1339 percipiendam.
466 1290 521 1334 Quia
536 1302 613 1339 nempe
625 1291 678 1328 haec
689 1294 721 1328 est
732 1290 782 1328 erit-

27 1368 68 1404 que
83 1357 144 1403 liber,
159 1367 202 1404 quo
217 1356 341 1393 adolescens
356 1356 466 1393 Ecclesiae
481 1355 558 1393 Olerus
573 1356 601 1393 ad
615 1356 702 1393 laudem
716 1367 782 1394 sanae

27 1421 139 1458 doctrinae
151 1420 294 1468 Theologicae
309 1420 377 1457 veluti
391 1432 431 1468 per
446 1421 586 1457 eminentiam
599 1420 736 1468 informetur,
751 1421 782 1458 in-

27 1485 95 1533 signis
110 1497 162 1522 cura
177 1488 198 1522 et
212 1485 321 1522 industria
335 1485 404 1522 multa
419 1497 444 1522 eo
459 1485 600 1523 conferantur
615 1489 707 1534 oportet,
722 1490 746 1523 ut
760 1487 782 1533 ii,

27 1550 64 1598 qui
79 1553 129 1587 sunt
144 1551 251 1598 quaedam
265 1549 336 1587 forma
351 1550 453 1587 inchoata
471 1551 613 1597 sacerdotum,
632 1551 660 1588 ad
677 1562 783 1588 summam

27 1615 179 1662 Theologicam
194 1626 261 1662 aeque
276 1615 440 1662 expendendam
459 1626 483 1652 ao
500 1615 543 1652 rite
558 1615 702 1663 colligendam
717 1627 782 1663 quam

27 1679 137 1726 aptissime
148 1679 291 1726 disponantur
301 1682 474 1727 moveanturque
486 1690 551 1727 quam
560 1679 717 1720 efficacissime.
740 1680 782 1717 Sed

26 1747 50 1780 ut
58 1743 151 1780 Thomas
159 1743 281 1791 Theologus
290 1743 433 1791 intelligatur,
443 1755 506 1781 nemo
516 1747 601 1780 tantum
612 1745 693 1791 poterit
702 1745 782 1791 valere,

27 1809 132 1854 quantum
138 1807 231 1843 Thomas
237 1807 387 1854 Philosophus.
402 1808 429 1844 Id
437 1807 493 1844 enim
500 1808 595 1844 Thomae
602 1808 782 1856 philosophorum

25 1870 120 1917 principi
135 1870 249 1917 proprium
264 1873 296 1907 est
312 1881 336 1906 ac
351 1871 468 1918 singulare,
487 1874 511 1908 ut
526 1872 614 1919 scriptis
629 1872 675 1908 eius
689 1871 746 1909 fides
761 1876 782 1909 et

25 1934 82 1972 ratio
93 1945 136 1971 non
146 1935 210 1972 modo
220 1934 277 1972 insta
288 1935 390 1973 societate
398 1938 553 1983 temperentur,
563 1937 601 1973 sed
612 1937 706 1984 quadam
716 1937 782 1974 etiam

26 1999 160 2048 cognatione,
176 2010 240 2048 quam
251 2010 263 2037 a
273 1999 318 2037 Deo
333 2000 447 2049 utriusque
463 2003 552 2038 auctore
566 2012 610 2039 uno
620 2012 693 2039 secum
701 2001 782 2050 ferunt,

25 2065 83 2104 inter
100 2077 123 2104 se
141 2066 298 2104 contineantur.
327 2065 465 2116 Quapropter
486 2079 525 2116 per
547 2068 657 2117 quandam
677 2080 783 2107 summam

25 2132 198 2181 philosophicam
206 2133 234 2170 ad
240 2144 345 2170 summam
354 2134 507 2182 Theologicam
515 2134 559 2172 iam
570 2135 655 2183 gratius
662 2135 782 2184 meliusque

25 2198 192 2246 procedendum.

91 2263 187 2301 Secundo
203 2267 275 2301 autem
292 2264 345 2302 haec
363 2276 446 2302 summa
463 2265 614 2313 philosophica
632 2269 653 2302 et
670 2266 782 2314 magistris

26 2331 47 2364 et
62 2327 174 2376 discipulis
192 2339 238 2366 sese
256 2328 337 2366 offerat
355 2332 380 2366 ut
397 2329 486 2367 firmum
505 2330 615 2378 quoddam
634 2334 655 2367 et
672 2334 783 2367 sacratum

25 2391 196 2440 fundamentum,
203 2394 227 2430 in
235 2405 277 2441 quo
285 2394 457 2442 praelectionum
466 2395 644 2443 quotidianarum
651 2395 782 2443 gravissimo

12 2469 114 2500 ,munere
129 2458 236 2497 catholica
251 2470 292 2508 pro
307 2462 382 2497 nostro
397 2463 494 2509 tempore
509 2460 647 2509 philosophia
662 2472 738 2498 secure
747 2472 782 2499 ex-

25 2526 124 2560 struatur
139 2527 160 2561 et
174 2535 279 2572 prospere
294 2525 426 2573 percolatur.
450 2525 510 2562 Haec
525 2528 557 2562 est
571 2537 665 2573 namque
675 2526 782 2563 catholica

24 2588 82 2625 ratio
91 2588 270 2637 philosophandi:
286 2592 310 2626 ut
325 2590 432 2637 quidquid
449 2601 501 2626 vere
511 2601 535 2626 ac
544 2594 604 2627 recte
613 2591 746 2638 exquisitum
755 2591 783 2627 sit

24 2653 171 2690 recentiorum
185 2653 297 2690 hominum
314 2653 447 2700 assiduitate,
461 2654 485 2691 id
496 2665 540 2691 non
555 2654 597 2691 nisi
613 2665 661 2691 cum
676 2655 783 2703 sapientia
