1846 3062
251 139 358 180 QUAESTIO
370 140 407 172 xlx
429 140 551 172 ARTICULUS
562 140 584 171 lll
755 131 793 167 lid

41 242 89 276 Nam
102 237 242 273 demonstratio
254 238 312 271 debet
324 240 412 270 constare
424 247 448 269 ex
460 236 489 278 iis,
502 246 551 279 quae
562 237 670 278 important
681 235 795 269 universali-

40 297 99 329 tatem
107 291 201 334 temporis
210 294 229 324 et
237 291 326 332 subiecti;
340 290 411 332 alioqui
420 300 457 323 non
466 293 517 324 esset
527 300 550 324 ex
559 289 680 332 necessariis
694 289 710 322 si
718 290 795 323 deesset

41 346 175 381 universalitas
188 345 287 387 temporis.
310 344 445 378 Praedicatum
457 346 520 377 autem
533 344 557 378 de
569 344 622 377 omui
634 343 680 376 dicit
691 346 795 385 utramque

41 399 212 436 universalitatem.

107 452 203 494 Secundo,
209 452 280 485 debent
285 451 404 493 praemissae
411 451 582 485 demonstrationis
589 453 678 485 constare
684 452 795 493 praedicato

39 518 77 551 per·
90 517 116 540 sc.
139 507 188 539 Nam
204 515 246 539 cum
263 505 435 538 demonstrationis
450 504 545 538 conclusio
563 505 588 537 sit
602 505 712 538 necessaria
727 508 746 538 et
760 515 795 547 per

42 559 228 595 demonstrationem
244 559 295 599 scita,
314 559 371 592 debet
386 558 526 591 demonstratio
540 567 583 591 esse
598 568 621 591 ex
635 559 749 600 praemissis
765 568 796 593 ne·

42 613 137 649 cessariis.
157 613 207 646 Sunt
218 615 282 645 autem
291 611 410 654 praemissae
422 611 547 652 necessariae,
556 611 630 654 primo,
645 622 694 653 quae
706 615 796 646 coustant

42 667 152 711 praedicato
164 667 188 699 de
200 666 257 707 omni,
270 666 323 708 quod
335 665 427 698 nimirum
440 665 708 707 universalitatemtemporis
721 669 739 700 et
752 667 796 700 sub-

42 722 85 756 iecti
92 721 190 763 importat.
203 720 299 762 Secundo,
311 729 360 763 quae
369 722 458 754 constant
465 719 575 762 praedicato
583 729 617 762 per
626 728 656 760 se;
665 720 795 763 praedicatum

42 777 93 811 enim
105 775 237 810 necessarium
249 778 279 809 est
290 774 422 817 praedicatum
435 784 470 817 per
483 784 508 808 se.

109 830 179 873 Tertio,
193 830 246 873 quod
255 832 343 864 constent
352 829 461 872 praedicato
470 829 583 863 latitaverunt
591 829 710 872 praemissae
719 831 797 864 demon-

44 885 143 920 strationis
158 887 245 928 propter
263 884 316 928 quid,
336 885 436 927 probatur,
454 883 499 926 qnia
516 884 657 918 demonstrator
676 885 797 919 demonstrat

40 940 158 984 passionem
170 940 194 974 dc
205 940 292 974 sttbtceto
302 939 395 982 proprio.
415 938 483 972 Passio
492 942 555 972 autem
564 941 654 981 respectu
665 939 741 982 proprii
754 939 796 973 snb-

43 995 86 1028 iecti
94 996 124 1028 est
132 994 264 1037 praedicatum
272 993 388 1028 universale.
408 994 457 1027 Nam
466 996 485 1026 et
493 993 546 1027 omni
554 993 586 1035 illi
598 996 617 1027 et
625 1003 660 1036 per
669 1003 694 1035 se,
707 996 726 1027 et
733 993 798 1036 primo

43 1049 103 1083 inest:
112 1058 161 1090 quae
167 1048 205 1081 tria
214 1051 259 1082 suut
267 1048 291 1081 de
300 1048 374 1082 ratione
382 1047 487 1090 praedicati
496 1047 618 1090 universalis,
630 1057 654 1081 ex
662 1058 701 1091 quo
709 1051 798 1082 constare

44 1103 115 1137 debent
129 1102 248 1145 praemissae
264 1101 441 1136 demonstrationis.
466 1101 490 1135 Et
508 1101 535 1135 sic
552 1101 677 1135 manifestum
692 1104 726 1144 est,
744 1112 798 1145 prae·

44 1156 115 1190 missas
127 1155 296 1190 demonstrationis
305 1158 391 1199 propter
403 1156 452 1198 qaid
464 1156 535 1190 debere
550 1165 593 1190 esse
608 1156 632 1189 de
649 1156 706 1198 omni,
722 1166 757 1199 per
772 1166 798 1197 se,

44 1213 63 1244 et
74 1209 185 1244 universali.

111 1274 137 1306 Au
153 1284 262 1306 nntrunnurun
279 1284 321 1305 auco
336 1285 415 1306 orcnuuun
432 1274 485 1316 quod
503 1274 613 1308 universale
630 1284 669 1307 non
687 1275 723 1308 hoc
740 1275 798 1308 modo

45 1328 137 1370 accipitur
149 1338 160 1361 a
172 1328 295 1370 Philosopho‚
310 1330 369 1370 prout
381 1337 442 1370 omne,
459 1329 511 1370 quod
526 1328 650 1369 praedicatur
664 1329 688 1361 (le
702 1328 798 1370 pluribus,

46 1381 116 1415 dicitur
135 1381 250 1422 universale,
276 1382 380 1415 secundum
402 1382 455 1423 quod
475 1381 598 1424 Porphyrius
619 1382 756 1416 determinavit
775 1382 799 1415 de

46 1435 131 1477 quinque
143 1435 293 1469 universalibus.
317 1435 355 1469 Sed
367 1435 437 1468 dicitur
449 1435 480 1468 hic
492 1435 602 1469 universale
615 1436 721 1469 secundum
734 1445 800 1478 quam-

46 1489 92 1523 dam
105 1489 260 1532 adaptationem
271 1489 303 1522 vel
315 1489 472 1532 adaequationem
483 1489 588 1532 praedicati
596 1490 621 1523 ad
630 1489 743 1531 subiectum,
756 1499 800 1523 curn

47 1552 72 1577 sc.
84 1553 147 1585 neque
159 1542 291 1585 praedicatum
303 1542 402 1577 invenitur
417 1546 472 1576 extra
487 1543 598 1584 subiectum,
614 1553 677 1586 neque
692 1544 801 1577 subiectura

47 1596 88 1630 sine
99 1597 215 1639 praedicato⁷
228 1606 263 1630 seu
274 1597 327 1638 quod
339 1599 369 1629 est
381 1596 506 1630 convertibile
519 1606 562 1629 cnm
575 1597 666 1631 subiecto.

311 1822 433 1855 narramus
444 1821 536 1854 TERTIUS

150 1911 217 1939 UTRUM
230 1909 347 1940 permissas
361 1909 537 1939 onnonsrnlrron'is
551 1910 637 1939 PROPTER
651 1910 696 1945 Quin

205 1965 292 1994 ornatur
305 1965 350 1994 ESSE
364 1964 493 1994 amarissimae
508 1965 531 1993 ET
545 1965 640 1994 PROPRLOE

48 2062 86 2133 Au
98 2063 168 2085 runnuu
180 2063 203 2085 ue
215 2062 321 2085 rucurunuu.
340 2051 421 2086 Videtur
433 2052 485 2094 quod
497 2052 616 2094 praemissae
629 2052 802 2088 demonstrationis

88 2110 174 2150 propter
189 2107 238 2150 qctid
255 2117 295 2141 non
311 2107 393 2141 debeant
408 2116 451 2140 esse
465 2106 585 2140 necessariae
600 2109 619 2140 et
633 2107 730 2150 propriae.
753 2108 802 2141 Nam

48 2161 127 2195 scientia
139 2162 220 2204 physica
231 2164 261 2195 est
269 2162 292 2195 de
302 2160 468 2204 contingentibus3
481 2163 511 2195 est
518 2161 570 2194 enim
578 2161 602 2194 de
611 2161 721 2195 mobilibus
741 2161 803 2196 Omne

48 2218 118 2257 autem,
130 2216 183 2259 quod
192 2218 287 2255 movetur,
299 2215 414 2258 inquantum
427 2214 542 2256 huiusmodi,
555 2218 585 2249 est
596 2215 716 2258 contingens.
728 2218 750 2249 ut
759 2226 803 2258 pro·

49 2270 106 2304 batur
118 2271 128 2304 8
138 2270 251 2313 Metopltps.
275 2270 313 2304 Sed
326 2270 439 2312 contingens
451 2279 490 2302 non
502 2271 567 2312 potest
579 2269 664 2303 concludi
677 2269 715 2303 nisi
727 2280 751 2304 ex
760 2279 804 2304 con·

49 2323 178 2367 tingentibus;
191 2334 236 2358 nam
248 2335 272 2358 ex
283 2324 396 2358 necessariis
409 2333 485 2366 semper
497 2324 618 2358 concluditur
630 2323 727 2358 conclusio
739 2334 804 2359 neces-

50 2378 105 2421 sariay
123 2381 146 2413 ut
160 2379 231 2412 dicitur
246 2381 255 2412 1
270 2379 344 2413 Foster.
360 2387 375 2412 c.
390 2380 405 2412 6.
429 2379 482 2420 Ergo
496 2378 616 2420 praemissae
631 2378 803 2413 demonstrationis

48 2431 136 2466 facientis
149 2432 197 2466 scire
209 2442 249 2466 non
260 2432 370 2466 necessario
383 2432 453 2466 debent
465 2441 508 2465 esse
520 2432 645 2465 necessariae.

115 2496 149 2530 Suo
158 2507 221 2529 corrui
230 2507 257 2529 usu
269 2497 374 2531 auctoritas
383 2496 496 2538 Philosophi
504 2498 513 2529 1
522 2496 596 2530 Postea.
605 2506 620 2530 c.
629 2498 639 2530 6
647 2499 665 2529 et
673 2498 689 2538 9,
701 2497 735 2529 ubi
743 2497 804 2539 docet,

49 2550 168 2590 praemissas
181 2550 348 2584 demonstrationis
360 2551 431 2584 debere
442 2559 486 2583 esse
498 2549 617 2584 necessarias
630 2552 648 2583 et
660 2551 757 2593 proprias.

115 2615 213 2648 Rusronnuo
228 2625 308 2647 urrunnun
325 2616 378 2658 quod
396 2614 515 2657 praemissae
532 2614 704 2648 demonstrationis
720 2618 806 2658 propter

50 2667 99 2708 qaid
116 2668 188 2701 debent
203 2677 246 2701 esse
264 2668 384 2702 necessariae
401 2670 420 2701 et
436 2668 532 2710 propriae.
556 2668 612 2707 Quod
627 2668 730 2703 manifeste
747 2672 805 2711 patet.

83 2731 230 2769 anglerfflmna
240 2732 275 2756 Pars
285 2732 340 2758 Surum.
349 2731 404 2757 Philus.
413 2731 427 2757 S.
436 2730 489 2758 Thom,
499 2733 526 2762 aq.
720 2725 741 2757 10
