1846 3062
141 122 178 159 194
341 131 448 171 cannono
459 132 511 164 XXVI
534 131 655 164 anticanus
666 131 688 163 VI

138 225 236 258 doctrinae
251 230 281 258 est
296 226 394 258 beatitudo
409 229 491 266 aeterna,
507 227 531 258 ad
547 235 605 267 quam
621 225 670 258 sieut
686 226 710 258 ad
725 225 815 258 ultimum
830 225 890 258 finem

138 278 253 311 ordinantur
265 287 332 311 omnes
344 277 376 311 alii
387 277 437 312 fines
454 278 583 312 scientiarum.
607 278 637 311 Ex
652 287 690 322 quo
705 280 762 322 patet,
777 278 830 322 quod
844 278 891 314 haec

139 332 217 369 scientia
229 336 259 368 est
271 333 327 368 altior
338 332 370 368 illa
383 333 453 377 divina,
469 345 527 379 quam
539 334 650 378 philosophi
662 334 790 378 tradiderunt,
807 345 851 369 cum
867 345 891 369 011

138 389 239 423 altioribus
252 389 352 431 principiis
364 390 464 431 procedat;
480 392 499 423 et
513 389 596 423 manime
612 389 706 431 sapientia
719 393 750 423 est
760 390 811 423 inter
823 399 890 423 omncs

138 442 242 484 sapientias
255 444 355 483 humanas,
370 443 416 483 quia
431 443 541 475 considerat
554 443 668 484 simpliciter
683 442 798 474 altissimam
813 452 890 475 causam

138 495 197 527 totius
209 494 302 535 universi,
316 504 366 536 quae
378 495 431 527 Deus
445 497 480 535 est,
494 504 534 527 non
550 494 611 527 solum
627 497 721 536 quantum
734 494 758 526 ad
770 494 822 535 illud,
838 494 890 536 quod

137 549 167 580 est
184 556 219 589 per
236 549 335 580 creaturas
353 546 487 590 cognoscibile,
508 547 561 591 quod
576 547 687 591 philosophi
701 549 840 592 cognoverunt,
856 547 890 582 sed

138 601 195 637 etiam
207 604 302 647 quantum
314 602 338 638 ad
350 602 375 647 id,
387 603 440 647 quod
452 607 519 638 notum
532 606 561 639 est
574 603 610 638 sihi
620 603 655 639 soli
667 604 691 638 de
701 604 765 648 seipso
777 606 796 638 et
804 603 846 639 aliis
855 614 890 648 per

138 659 275 692 revelationem
288 658 455 692 connnunieatmn.

203 712 249 745 Alio
262 713 320 745 modo
332 715 396 753 potest
403 712 523 745 considerari
532 712 611 744 seientia
618 712 641 745 111
650 712 758 745 01111110αά
767 713 891 745 intellectum

137 765 224 797 scientis.
245 765 269 796 Et
281 764 367 796 tamilla
379 764 458 796 scientia
470 767 500 796 est
510 764 643 805 imperfectior
655 766 712 804 atque
724 764 772 796 adeo
780 763 890 805 ignobilior,

137 825 186 858 quae
198 815 330 858 imperfectius
343 816 418 858 capitur
433 817 457 849 ab
472 816 574 850 intellectu.
598 816 623 849 Et
638 815 670 858 sic,
685 815 730 859 quia
746 816 825 850 scientia
839 816 891 851 theo·

136 869 199 916 logica
210 881 249 906 non
261 873 291 907 est
302 871 329 907 ita
337 870 429 916 capabilis
437 872 462 907 ah
470 871 572 915 intellectu,
585 870 634 907 sicut
643 871 733 907 scientiae
741 872 890 917 philosophicae,

137 931 218 970 propter
230 927 271 962 eins
284 927 410 969 altitudinem,
424 928 468 961 ideo
480 931 510 961 est
521 927 652 970 imperfectior
664 937 688 960 ex
700 930 755 970 parte
767 928 845 962 scientis
856 929 891 961 im-

137 982 242 1023 perfectius
251 981 349 1024 capientis.
370 982 423 1015 Haec
430 983 482 1015 enim
494 981 573 1015 scientia
582 982 672 1023 perfecta
683 982 740 1014 nohis
752 981 772 1014 in
785 984 837 1014 statu
848 982 890 1015 viae

137 1037 166 1066 est
178 1034 311 1075 impossibilis,
324 1034 358 1067 sed
369 1034 393 1066 fit
404 1034 461 1066 nobis
470 1034 490 1065 in
500 1036 551 1066 statu
558 1033 601 1066 viae
610 1034 705 1074 quaedam
714 1034 766 1066 illius
775 1033 890 1074 cognitionis

134 1086 272 1128 participatio
285 1088 302 1119 01
314 1085 437 1120 assimilatio
449 1085 473 1118 ad
482 1084 611 1127 cognitionem
623 1085 715 1126 divinam,
727 1085 843 1128 inquantum
855 1095 890 1128 per

136 1139 196 1175 fidem
205 1139 262 1176 nohis
271 1139 357 1176 infusam
365 1140 488 1176 inhaeremus
497 1139 535 1185 ipsi
544 1140 618 1185 primae
630 1140 708 1177 ueritati
716 1145 797 1186 propter
806 1141 890 1186 seipsam

137 1199 156 1231 et
168 1206 191 1231 ex
203 1197 239 1239 his,
251 1207 301 1241 qnae
312 1192 351 1231 fide
364 1197 450 1240 capimus
463 1197 537 1240 primae
549 1197 626 1231 ueritati
636 1198 760 1239 inhaerendo,
772 1198 862 1232 venimus
870 1198 890 1231 in

137 1251 266 1293 cognitionem
279 1251 360 1285 aliarum
373 1251 480 1285 secundum
492 1251 572 1284 modum
584 1253 679 1292 nostrum,
693 1261 718 1284 sc.
727 1252 854 1285 discurrendo
867 1252 890 1284 de

137 1304 237 1345 principiis
250 1305 274 1337 ad
286 1305 424 1337 conclusiones.
448 1305 497 1336 Nam
509 1305 560 1337 dona
571 1303 679 1345 gratiarnm
691 1305 728 1336 hoc
739 1304 797 1336 modo
809 1307 890 1336 naturae

136 1356 240 1396 adduntur,
258 1356 311 1396 quod
328 1365 427 1388 eamnon
445 1356 519 1396 tollunt,
538 1356 572 1388 sed
589 1356 652 1397 magis
669 1355 778 1397 perficiunt.
802 1355 857 1389 Unde
871 1358 890 1388 et

136 1408 202 1442 lumen
214 1408 265 1451 fidei,
278 1409 331 1452 quod
343 1409 400 1443 nohis
413 1409 474 1454 gratis
486 1408 601 1453 infunditur,
613 1419 652 1445 non
665 1409 748 1445 destruit
759 1409 825 1445 lumen
837 1412 890 1445 natu-

136 1465 182 1500 ralis
200 1465 316 1510 cognitionis
333 1466 390 1501 nobis
408 1466 521 1501 naturaliter
538 1466 627 1501 inditum.
655 1466 675 1502 Si
692 1467 743 1501 enim
761 1468 800 1502 dno
817 1467 891 1501 lumina

136 1521 255 1563 accipiantur
263 1521 350 1555 eiusdem
359 1521 439 1563 ordinis,
451 1521 516 1554 minus
525 1521 633 1554 offuscatur
642 1531 677 1562 per
686 1521 754 1563 maius,
767 1521 816 1555 sicut
824 1522 890 1554 lumen

137 1575 184 1607 solis
196 1574 280 1607 offuscat
291 1575 357 1607 lumen
369 1575 463 1614 candelae,
476 1583 560 1616 qnorum
572 1577 678 1615 utrumqne
689 1574 782 1615 accipitur
793 1575 813 1606 in
822 1574 890 1606 ordine

135 1627 268 1659 illuminantis.
292 1626 312 1658 Si
324 1636 371 1658 vero
383 1626 501 1666 accipiantur
513 1627 553 1658 (1110
566 1626 650 1666 1111111110,
667 1626 698 1657 ita
713 1626 766 1666 qnod
780 1625 847 1658 11111111
863 1626 890 1658 sit

137 1679 159 1712 111
171 1678 243 1713 ordine
254 1678 395 1712 illuminantis
403 1678 496 1712 0111111110
504 1678 527 1711 111
536 1678 608 1711 ordine
616 1677 736 1721 111111111111111,
750 1678 816 1713 minus
824 1679 890 1713 lumen

136 1743 175 1768 11011
187 1732 295 1769 offuscatur
307 1743 342 1778 per
353 1733 422 1777 maius,
435 1733 470 1769 sed
478 1733 540 1778 magis
549 1736 639 1778 carpatur,
654 1734 704 1770 sicut
714 1734 780 1770 lumen
792 1734 843 1770 aeris
855 1745 890 1780 per

136 1791 202 1825 lumen
220 1790 272 1825 solis.
295 1789 390 1829 Quamvis
407 1794 471 1824 autem
486 1791 574 1824 naturale
588 1791 654 1824 lumen
668 1791 739 1824 mentis
754 1792 850 1825 hnmanae
865 1792 890 1825 sit

135 1844 257 1878 insufficiens
266 1845 291 1878 ad
299 1844 474 1877 manifestationem
483 1853 555 1885 eorum,
566 1853 615 1886 quae
622 1853 658 1885 per
666 1844 727 1877 fidem
734 1844 889 1885 manifestantur,

135 1900 200 1930 tamen
217 1897 343 1938 impossihile
360 1899 395 1936 est,
413 1897 465 1937 quod
481 1905 508 1937 ea,
525 1905 574 1936 quae
588 1905 624 1937 per
638 1896 698 1928 fidem
713 1896 770 1928 nobis
785 1897 890 1928 traduntur

136 1949 235 1990 divinitus,
254 1948 292 1981 sint
307 1948 404 1981 contraria
418 1948 454 1990 his,
472 1956 521 1990 quae
536 1956 571 1990 per
586 1950 676 1981 naturam
690 1947 748 1982 nobis
763 1950 809 1982 sunt
823 1947 889 1982 indita.

136 2002 218 2046 Oportet
225 2002 276 2037 enim
286 2003 368 2037 alterum
377 2011 420 2038 esse
428 2002 509 2038 falsum:
522 2004 541 2038 et
552 2012 596 2038 cum
608 2005 714 2049 utrumque
726 2002 816 2040 sitnobis
825 2014 836 2039 a
844 2004 889 2047 Deo,

136 2060 188 2095 Deus
203 2063 256 2095 esset
269 2059 326 2095 nobis
341 2062 408 2095 auctor
422 2060 522 2095 falsitatis:
541 2061 593 2104 quod
608 2063 638 2094 est
649 2060 774 2104 impossibile.
798 2061 853 2103 item,
868 2071 890 2095 ea

135 2125 185 2157 quae
197 2115 311 2148 naturaliter
322 2115 393 2148 rationi
402 2117 447 2148 sunt
454 2115 517 2155 insita,
530 2114 633 2148 verissima
641 2124 684 2148 esse
693 2117 772 2155 constat,
784 2115 804 2147 in
814 2117 889 2148 tantum

135 2173 157 2202 nt
168 2179 203 2202 nec
215 2179 236 2202 ea
248 2179 291 2202 esse
303 2169 352 2201 falsa
365 2169 390 2202 sit
401 2169 494 2210 possibile
507 2169 601 2209 cogitare,
614 2167 684 2208 1100111,
697 2169 749 2209 quod
758 2168 798 2200 fide
809 2169 889 2208 tenetur,

135 2232 196 2263 quum
209 2225 248 2253 tam
260 2221 360 2254 evidenter
372 2221 466 2253 diuinitus
478 2220 615 2253 confirmatum
628 2219 658 2260 sit,
672 2220 702 2252 fas
714 2222 745 2252 est
756 2219 834 2252 credere
846 2228 890 2252 esse

134 2274 211 2308 falsum.
236 2274 284 2314 ana
296 2274 356 2318 igitur
369 2275 432 2309 solum
443 2274 515 2309 falsum
527 2283 575 2308 vero
587 2273 707 2308 contrarium
719 2275 753 2318 est,
768 2272 889 2318 impossibile

135 2334 170 2370 est.
184 2330 223 2366 illis
237 2330 344 2375 principiis,
359 2342 409 2375 quae
423 2331 473 2366 ratio
484 2331 599 2366 naturaliter
611 2330 715 2374 cognoscit,
730 2331 831 2365 veritatem
843 2330 890 2365 fidei

136 2386 252 2420 contrariam
265 2396 313 2420 esse.
337 2386 390 2421 Sicut
404 2389 468 2420 antem
482 2396 536 2420 sacra
548 2385 636 2419 doctrina
647 2386 741 2419 fundatur
753 2395 812 2427 super
823 2386 890 2419 lumen

134 2441 186 2481 fidei,
194 2440 221 2473 ita
230 2440 353 2481 philosophia
362 2450 421 2481 super
428 2441 494 2472 lumen
502 2439 590 2472 naturale
599 2438 686 2471 rationis.
705 2439 759 2471 Unde
768 2439 889 2480 impossibile

135 2496 169 2533 est,
185 2494 237 2533 quod
252 2502 279 2530 ea,
294 2501 344 2533 quae
359 2494 405 2524 sunt
416 2492 555 2532 philosophiae,
571 2491 610 2522 sint
621 2491 718 2522 contraria
732 2491 765 2531 eis,
781 2493 890 2532 quaesunt

134 2543 185 2586 fidei,
198 2544 232 2578 sed
245 2543 378 2578 111111111111011
390 2544 424 2578 eis.
445 2544 549 2579 Continent
559 2546 624 2578 tamen
636 2544 731 2588 quasdam
743 2544 889 2580 111111111111111101

135 2610 203 2636 eorum
214 2603 233 2636 et
244 2601 340 2646 quaedam
352 2601 376 2637 ad
389 2612 410 2637 ea
419 2601 568 2646 praemiantu-
580 2601 630 2636 sicut
641 2604 711 2637 natura
722 2602 848 2646 praeambula
860 2605 890 2637 est

135 2658 159 2691 ad
179 2658 267 2700 gratiam.
294 2658 313 2692 Si
333 2658 380 2700 quid
400 2661 464 2692 autem
484 2657 504 2690 in
524 2657 581 2691 dietis
599 2657 761 2700 philosophorum
778 2656 890 2691 inveniatur
