1846 3062
255 156 361 196 Quaestio
373 155 425 188 XXXl
447 156 568 189 ARTlCULUS
580 156 594 187 V
762 146 800 183 231

112 254 127 286 3.
140 253 245 287 Pitumnum,
258 252 274 286 si
286 253 344 286 homo
353 255 382 286 est
390 263 450 287 verus
458 253 531 295 doctor,
544 255 625 295 oportet,
638 252 691 295 quod
699 251 801 285 veritatem

45 307 120 340 doceat.
149 306 187 340 Sed
205 306 321 349 quicumque
339 307 395 340 docet
412 307 519 349 veritatem,
537 309 622 341 mentem
639 306 740 345 illuminat,
758 315 801 342 011111

47 361 120 395 veritas
133 360 158 394 sit
169 360 235 395 lumen
247 361 322 395 mentis.
347 362 400 404 Ergo
412 362 470 395 homo
482 365 566 395 mentem
578 362 699 403 illuminabit,
713 361 729 394 si
741 361 801 394 docet

48 415 86 450 Sed
101 415 138 449 1100
152 417 182 450 051
195 415 272 457 falsum,
288 425 332 449 cum
344 416 397 450 Deus
413 415 442 459 sit,
458 416 491 459 qui
506 415 601 450 illuminat
613 426 690 450 omnem
703 415 801 449 hominem

47 469 156 505 venientem
168 470 363 513 intrimentorum,
377 473 399 504 ut
411 471 481 505 dicitur
493 472 536 506 Iob.
549 474 567 512 13
583 471 634 505 uude
649 475 667 505 01
682 471 736 505 501115
749 471 801 504 Deus

47 524 141 567 magister
157 524 194 559 dici
209 524 271 566 debet,
289 524 343 558 iuxta
357 524 405 559 illud
417 525 489 560 Mcttle.
502 527 531 559 23:
549 535 584 559 1100
599 525 694 560 vocemini
706 524 800 569 magistri,

47 578 93 622 quia
105 579 198 622 magister
210 582 276 613 vester
287 589 339 613 unus
352 582 386 619 est,
399 580 496 615 Christus.

114 655 147 689 Suu
160 664 261 688 0011111151
273 655 326 698 quod
337 656 491 699 unumquodque
503 659 548 690 tunc
559 659 588 690 est
597 656 710 700 perfectum,
722 656 800 699 quaudo

47 711 112 752 potest
124 709 161 743 sibi
174 708 235 742 simile
247 719 345 751 generare.
369 705 406 743 Sed
419 710 497 743 scientia
509 713 539 743 est
550 710 645 753 quaedam
661 710 744 753 cognitio
759 719 801 752 per-

46 764 102 798 fecta.
126 764 179 807 Ergo
191 764 255 805 hoino,
267 763 301 806 qui
312 763 370 798 habet
383 764 486 806 scientiam,
498 767 563 807 potest
574 764 633 798 alium
645 765 719 798 [locere.

114 850 212 884 Responnuo
223 860 303 883 urrunnun
315 850 367 892 quod
379 850 482 893 unicuique
493 850 567 884 homini
575 850 625 884 inest
634 851 736 893 quoddam
742 850 801 894 priu-

45 904 125 947 0101001
133 905 234 946 ariaratiae,
245 914 270 938 sc.
274 904 340 938 lumen
346 904 453 938 intellectus
462 905 542 947 agentis,
551 914 586 948 per
595 906 647 948 quod
657 908 801 948 cognoscuntur

46 958 114 993 statim
126 968 137 991 a
148 958 243 1001 principio
255 958 369 993 naturaliter
381 959 476 1001 quaedam
484 959 603 993 universalia
610 959 706 1001 principia
714 959 801 993 omnium

46 1012 178 1047 :scientiarum
199 1013 280 1052 Quando
288 1023 335 1056 ergo
346 1023 370 1047 ex
379 1013 422 1047 istis
434 1013 578 1048 universalibus
590 1013 733 1056 cognitionibus
745 1023 801 1047 mens

46 1067 142 1109 educitur,
157 1069 179 1101 ut
194 1069 237 1101 actu
252 1070 355 1110 cognoscat
369 1067 498 1109 particularia,
513 1077 563 1110 quae
577 1068 633 1110 prius
647 1068 668 1101 111
682 1067 768 1110 potentia
783 1071 801 1101 et

48 1121 104 1164 quasi
121 1120 141 1154 in
159 1121 265 1156 universali
282 1122 454 1165 cognoscebantur,
470 1124 516 1156 tunc
530 1122 600 1164 aliquis
616 1121 686 1155 dicitur
701 1121 800 1156 scientiam

45 1176 154 1217 acquirere.

114 1230 192 1273 Duplac
204 1233 233 1264 est
245 1233 308 1264 autem
316 1231 391 1278 *modus
403 1229 515 1274 acquirendi
530 1231 634 1264 scientiam.
661 1230 715 1264 Uncus
730 1232 756 1265 ab
771 1230 801 1264 iu-

46 1284 120 1318 1011011
131 1285 242 1328 prtrzeipto,
261 1285 339 1326 quando
356 1284 449 1318 naturalis
468 1285 517 1318 ratio
530 1284 671 1327 perseipsum
689 1284 767 1319 devenit
781 1284 801 1318 in

48 1339 177 1381 coguitionem
194 1339 315 1382 ignotorum:
333 1339 399 1373 ethic
413 1340 484 1373 modus
499 1338 569 1372 dicitur
584 1339 680 1373 1110011110.
703 1338 762 1372 Alius
775 1340 800 1372 ab

48 1393 143 1427 auteriori
152 1392 262 1436 principio,
276 1393 354 1436 quando
366 1393 437 1427 rationi
448 1392 532 1426 naturali
544 1393 613 1435 aliquis
626 1393 710 1427 euterius
721 1392 802 1427 admini-

48 1448 133 1481 culatur:
145 1450 164 1481 et
176 1447 207 1481 1110
217 1448 288 1481 modus
300 1447 370 1481 dicitur
383 1447 500 1490 disciplina.
520 1447 595 1481 Eodem
604 1457 651 1481 vero
659 1448 718 1481 modo
730 1448 801 1481 doeens

45 1502 108 1535 alium
125 1502 150 1535 ad
166 1501 265 1535 scientiam
281 1501 393 1544 ignotorum
408 1501 485 1535 deducit
499 1501 621 1543 inveniendo,
637 1502 686 1535 sicut
701 1501 717 1534 si
732 1501 801 1544 aliquis

49 1556 127 1590 deducit
145 1556 231 1598 seipsum
247 1556 268 1589 iu
286 1556 415 1598 cognitionem
430 1555 496 1598 ignoti.
519 1556 627 1590 Processus
642 1558 706 1589 autem
721 1555 802 1589 rationis

48 1610 182 1653 provenientis
197 1610 221 1644 ad
236 1609 365 1653 cognitionem
380 1609 442 1652 ignoti
456 1610 476 1643 in
490 1610 607 1644 inveniendo
622 1613 656 1652 est,
672 1613 694 1643 ut
708 1610 803 1652 principia

46 1664 159 1699 communia
176 1674 211 1707 per
228 1674 248 1698 se
263 1667 308 1698 nota
323 1663 405 1707 applicet
422 1664 446 1697 ad
462 1664 599 1698 determinatas
617 1664 708 1698 materias
724 1667 743 1698 et
758 1663 803 1698 inde

48 1720 141 1761 procedat
151 1719 172 1752 in
184 1719 258 1762 aliquas
270 1718 397 1760 particulares
406 1718 539 1752 conclusiones
548 1720 567 1752 et
575 1728 599 1752 ex
607 1718 637 1752 lu’s
646 1719 666 1752 in
675 1719 727 1752 alias.
747 1719 802 1752 Unde

46 1776 67 1806 et
80 1773 187 1807 secundum
198 1774 235 1807 1100
246 1782 297 1806 unus
309 1772 368 1806 alium
381 1773 449 1806 docere
461 1772 536 1813 dieitur,
552 1773 604 1815 quod
619 1772 678 1806 istum
691 1772 802 1806 discursum

48 1827 135 1869 rationis,
150 1836 207 1870 quem
219 1826 239 1860 in
252 1836 272 1860 se
283 1826 329 1860 iacit
340 1826 415 1860 ratione
426 1827 515 1867 naturali,
530 1826 586 1859 alteri
597 1826 677 1868 euacua
686 1836 725 1869 per
736 1826 802 1869 sturia.

50 1882 75 1915 Et
90 1881 117 1915 sic
132 1882 181 1915 ratio
196 1880 290 1915 naturalis
305 1880 394 1923 discipuli
408 1890 444 1923 per
458 1880 571 1914 huiusmodi
586 1880 623 1914 sibi
637 1880 738 1923 proposita
753 1881 803 1915 sicut

49 1945 84 1977 per
96 1936 192 1978 quaedam
203 1935 333 1969 instrumenta
340 1934 430 1977 pervenit
441 1934 600 1977 incognitionem
611 1934 729 1977 ignotorum,
750 1934 803 1969 Sicut

46 1999 97 2032 ergo
108 1990 195 2024 medicus
208 1989 278 2024 dicitur
290 1998 370 2023 causare
383 1988 484 2023 sanitatem
496 1989 516 2022 in
528 1988 607 2022 infirmo
619 1992 689 2022 natura
705 1992 802 2031 operante,

49 2043 165 2086 inquantum
177 2043 264 2078 medicus
276 2046 306 2077 est
317 2043 406 2077 minister
415 2046 500 2083 naturae,
513 2052 562 2085 quae
570 2043 702 2085 principaliter
710 2046 803 2085 operatur

46 2098 177 2133 confortando
189 2100 279 2132 naturam
291 2101 310 2131 et
321 2097 436 2140 apponendo
451 2096 562 2139 medicinas,
577 2096 648 2140 quibus
664 2097 717 2131 velut
731 2097 803 2131 iustru-

49 2153 120 2187 111011115
135 2156 205 2187 natura
219 2153 281 2187 utitur
295 2152 320 2187 ad
335 2151 463 2186 sanationem:
482 2152 509 2185 ita
527 2152 584 2186 etiam
602 2152 661 2186 homo
676 2151 746 2185 dicitur
761 2161 803 2186 cau-

50 2216 93 2240 sare
106 2206 204 2241 scientiam
217 2207 237 2240 iu
246 2206 283 2240 alio
295 2206 413 2249 operatione
424 2206 535 2240 collocatis
547 2209 635 2240 rrutrerue
646 2206 710 2239 illius.
731 2206 755 2239 Et
767 2206 803 2240 1100

46 2262 79 2294 05ῖ
91 2261 165 2295 docere.

115 2315 194 2358 Absque
206 2315 265 2349 dubio
277 2315 337 2358 igitur
349 2316 414 2357 potest
425 2314 504 2360 quidem
516 2314 586 2357 aliquis
598 2324 633 2357 per
644 2315 710 2348 lumen
722 2314 803 2349 rationis

47 2368 88 2401 :sibi
99 2369 182 2403 inditum
195 2370 269 2411 absque
284 2368 386 2402 exterioris
401 2368 499 2401 doctrinae
514 2368 630 2402 adminiculo
645 2369 676 2403 vel
690 2369 803 2411 magisterio

49 2422 142 2456 devenire
153 2423 173 2456 in
185 2423 314 2466 cognitionem
329 2422 436 2456 multorum
450 2422 568 2464 ignotormn,
584 2422 633 2456 sieut
647 2425 700 2465 patet
714 2423 734 2456 in
751 2423 803 2456 omni

46 2485 77 2517 -eo,
95 2476 129 2519 qui
144 2486 179 2519 per
194 2477 326 2510 inventionem
342 2476 440 2510 scientiam
457 2475 547 2518 acquirit;
566 2479 584 2510 et
598 2476 688 2519 quamvis
700 2477 771 2510 modus
783 2477 803 2510 in

50 2530 176 2572 acquisitione
189 2531 278 2564 scientiae
290 2540 325 2573 per
337 2530 468 2564 inventionem
481 2530 506 2563 sit
517 2530 621 2572 perfectior
633 2541 654 2564 eu
663 2531 804 2574 purterect'pi-

47 2585 101 2618 eutis
112 2585 223 2626 scientiam,
236 2584 352 2627 inquantum
365 2584 478 2627 designatur
487 2584 570 2618 habilior
582 2585 606 2618 ad
617 2584 726 2618 sciendum:
739 2588 803 2618 tamen

47 2647 71 2671 ec
80 2641 141 2680 parte
152 2638 258 2673 seleutiam
271 2638 375 2672 accrescatis
389 2640 419 2672 est
433 2638 504 2672 modus
519 2637 623 2680 perfectior
638 2648 674 2681 per
690 2639 804 2672 doctrinam.

49 2691 99 2724 Nam
114 2692 190 2732 docens,
207 2691 240 2734 qui
252 2691 340 2734 explicite
352 2694 412 2725 totam
425 2691 524 2725 scientiam
539 2691 598 2733 novit,
615 2692 725 2734 erpeditiua
740 2695 805 2736 potest
