1846 3062
258 147 365 188 QUAESTIO
377 149 399 179 HI
422 148 544 180 ARTICULUS
555 148 570 179 H
762 140 788 175 21

36 249 99 285 anima
116 249 135 281 et
151 247 188 280 hoo
205 254 291 289 torpore,
309 244 442 279 conformatur
457 245 532 280 Platoni
549 248 568 279 et
586 244 631 279 hnio
645 253 696 287 equo
711 246 730 277 et
743 244 790 277 huie

35 307 120 349 plantae;
132 304 162 336 est
173 300 225 336 enim
237 310 272 343 per
284 300 388 335 essentiam
401 310 456 335 suam
468 300 573 344 rationalis,
586 299 698 341 sensitivus,
713 297 789 341 vivens,

35 365 54 395 et
65 359 85 392 in
96 357 127 391 his
139 356 202 390 tribus
214 358 245 390 est
256 355 362 400 nomiminis
375 355 455 398 Platoni,
470 355 514 390 huie
529 365 583 399 equo.
591 355 611 390 in
623 355 701 390 duobus
714 357 732 389 et
744 355 790 389 huie

35 415 111 457 plantae
122 411 142 444 in
154 420 199 445 uno.

101 465 136 499 Est
148 467 212 498 autem
221 465 294 508 (triplae
301 464 365 498 forma
373 464 393 497 in
402 464 514 507 compositis
526 465 653 499 naturalibus.
676 464 786 506 Quaedam,

35 529 84 563 quae
96 521 126 552 est
133 528 180 560 pars
191 517 298 559 compositi,
312 518 361 551 siout
369 517 442 559 anima;
454 527 479 551 ex
488 518 552 552 anima
559 518 611 551 enim
619 522 639 552 et
647 527 728 560 oorpore
738 527 789 551 oom-

35 572 114 616 ponitur
130 572 194 605 homo.
222 571 327 611 Quaedam
344 574 409 604 autem
428 571 515 613 seqnitur
533 574 595 605 totum
613 571 748 613 compositum,
766 574 788 605 nt

35 625 150 661 humanitas.
170 625 195 658 nt
203 624 240 658 isto
249 625 307 658 modo
316 627 395 666 sumpta
402 625 466 658 forma
474 625 545 658 dieitur
554 625 657 667 quidditas,
666 629 685 659 et
696 627 727 659 est
734 625 788 666 illud,

35 679 87 722 quod
101 678 209 712 intelleotns
223 678 313 720 intelligit
327 678 351 711 de
366 687 394 711 re.
418 678 499 716 Quando
514 688 561 720 ergo
576 679 683 712 intelleotus
698 678 789 720 intelligit

35 734 84 767 hano
95 731 214 774 praedictam
229 731 313 765 formam
329 741 364 765 sen
378 731 511 773 qnidditatem,
526 741 564 765 non
579 734 601 764 ut
616 735 646 765 est
661 731 788 765 determinata

35 787 59 821 ad
76 786 126 819 hano
143 784 244 819 materiam
259 784 360 828 signatam,
377 784 389 818 i.
405 795 420 819 θ.
434 784 455 818 in
469 785 500 818 his
516 784 607 819 carnibus
622 788 641 818 et
653 785 737 827 ossibus,
754 785 788 818 sed

35 844 56 876 ut
66 844 96 876 est
108 840 132 875 de
144 850 165 875 se
176 839 310 884 plurifioabiiis
323 840 347 874 ad
358 840 408 874 haue
420 842 439 874 et
446 840 499 874 illam
506 840 613 883 materiam,
626 842 671 874 tuno
679 839 788 874 intelleotus

35 895 114 931 habenti
125 896 182 930 talem
193 895 278 930 formam
290 895 379 930 attribuit
387 895 514 930 intentionem
521 895 679 930 universalitatis.
700 896 725 929 Et
737 895 753 929 si
761 905 788 937 ea,

35 960 84 993 quae
92 950 210 985 conveniunt
221 951 241 983 in
249 950 313 994 aliqua
320 950 385 984 forma
395 950 524 993 pluritieabiii,
537 954 583 985 sunt
594 951 644 984 inter
657 961 678 985 se
690 950 789 984 difformis

35 1015 73 1038 non
86 1004 150 1038 solnm
162 1008 256 1046 quantum
269 1005 293 1038 ad
305 1004 405 1038 materiam
421 1004 523 1048 signatam,
538 1006 573 1039 sed
587 1005 645 1038 etiam
657 1008 752 1048 quantum
764 1005 788 1038 ad

36 1058 124 1100 speeiem,
136 1058 180 1091 talis
192 1058 260 1100 torma,
272 1058 293 1091 in
305 1068 343 1100 qua
355 1058 477 1101 conveniunt,
489 1061 537 1100 puta
548 1059 624 1100 animal,
636 1060 666 1092 est
675 1068 743 1101 genus.
764 1059 789 1092 Et

35 1112 81 1153 quia
95 1111 138 1144 talis
153 1115 223 1144 natura
235 1112 258 1145 de
270 1112 360 1153 pluribus
371 1112 479 1145 formaliter
491 1112 633 1152 differentibus,
649 1121 698 1154 quae
711 1112 788 1145 suntin

35 1164 119 1198 diversis
130 1164 236 1206 speeiebus,
245 1165 282 1198 diei
290 1168 359 1207 potest,
367 1165 412 1198 hino
418 1168 452 1207 est,
461 1167 514 1207 qnod
521 1166 554 1199 tali
560 1169 641 1199 naturae
647 1165 727 1199 intentio
734 1175 788 1208 prae-

35 1217 157 1252 dicabilitatis
165 1217 246 1252 attribui
253 1221 322 1260 potest.
342 1218 428 1260 Ideoque
436 1218 511 1260 dieitur,
524 1219 577 1260 quod
585 1228 647 1261 genus
660 1219 722 1260 estid,
735 1219 788 1261 quod

31 1271 168 1314 praedicatur
179 1273 204 1306 da
212 1272 310 1315 pluribus
321 1272 462 1306 differentibus
473 1273 542 1315 speeie,
562 1272 637 1306 Dioitur
649 1275 713 1306 autem
725 1282 788 1315 genus

34 1325 178 1370 praedicarint
193 1336 215 1361 eo
230 1327 283 1370 qnod
299 1326 348 1370 qnid
363 1329 395 1370 est,
411 1326 422 1361 i.
435 1336 450 1361 e.
463 1326 590 1369 substantive,
606 1327 713 1361 seeundum
725 1336 789 1370 gram-

34 1381 119 1416 maticos.
142 1381 218 1416 Animal
232 1382 289 1424 enim,
304 1383 357 1426 quod
373 1383 397 1416 de
411 1382 489 1416 homine
504 1385 522 1416 et
534 1392 584 1425 equo
599 1381 727 1425 praedicatur,
744 1383 789 1416 sub-

35 1437 141 1471 stantivum
149 1439 179 1470 est
187 1439 206 1471 et
213 1446 252 1470 nou
261 1437 382 1471 adieetivuni.
399 1437 454 1471 Unde
462 1437 588 1471 manifestum
596 1439 631 1479 est,
640 1437 692 1479 quod
701 1436 788 1471 definitio

35 1490 112 1532 generis
124 1493 175 1524 reete
187 1491 258 1525 tradita
270 1494 305 1525 est.

99 1545 125 1578 An
141 1555 203 1576 Pnltlnn
217 1555 260 1577 aneo
274 1555 354 1577 nuatum
371 1546 424 1588 qnod
441 1555 504 1588 genus
518 1555 581 1587 neque
598 1545 678 1587 proprie
695 1548 725 1579 est
742 1555 788 1587 pars

34 1607 97 1639 neque
114 1599 195 1631 materia
213 1599 287 1640 speoiei,
305 1599 339 1632 sed
356 1599 383 1632 ita
400 1599 475 1640 dicitur,
493 1598 538 1641 quia
556 1599 641 1632 sumitur
655 1608 666 1631 a
681 1601 736 1640 parte
750 1609 789 1632 ma-

34 1650 96 1684 teriali
107 1651 140 1684 rei.

100 1704 127 1737 An
141 1715 222 1737 smmum
237 1716 317 1737 urrunnun
334 1707 387 1748 quod
403 1705 514 1739 universale
526 1705 636 1747 clopliotter
653 1706 704 1739 sumi
719 1708 789 1747 potest.

38 1757 80 1791 b'uo
93 1758 151 1792 modo
163 1768 199 1800 pro
211 1761 286 1801 natura,
301 1759 331 1793 oui
345 1759 453 1793 intellectus
468 1759 557 1792 attribuit
571 1759 697 1792 intentionem
712 1759 789 1792 univer·

37 1811 123 1845 salitatis.
147 1813 172 1846 Et
183 1813 219 1846 hoo
231 1813 289 1847 modo
302 1813 399 1856 signifieat
414 1813 543 1847 substantiam
554 1812 586 1846 rei
601 1815 619 1846 et
634 1812 757 1855 praedicatur
768 1813 788 1845 in

36 1866 88 1909 quid.
111 1866 187 1901 Animal
199 1867 249 1901 enim
263 1867 360 1911 signifieat
372 1867 501 1902 substantiam
516 1866 605 1910 hominis
622 1867 699 1911 dequo
714 1866 790 1910 praedi-

36 1925 95 1957 oatur.
117 1922 164 1957 Alio
179 1923 238 1957 modo
253 1933 289 1966 pro
305 1925 379 1966 natura,
395 1926 416 1957 ut
429 1922 788 1957 substatintentioniuniversalitatis.

37 1976 61 2010 Et
78 1977 114 2011 hoo
128 1977 187 2011 modo
201 1987 240 2011 non
256 1977 353 2021 signifieat
368 1978 497 2012 substantiam
514 1978 543 2010 rei
560 1980 579 2011 et
596 1980 737 2019 consequenter
754 1987 789 2011 neo

36 2031 159 2072 praedicatur
170 2030 190 2065 in
202 2032 255 2074 qnid,
268 2032 302 2066 sed
314 2031 411 2074 signifieat
423 2032 479 2075 quale
493 2032 544 2075 quid,
560 2031 605 2075 quia
617 2031 735 2074 qualitatem,
749 2032 761 2065 i.
773 2042 789 2066 θ.

36 2084 189 2118 uniformitatem
200 2085 287 2126 rationis,
299 2096 334 2128 per
345 2096 404 2128 qnam
412 2086 435 2119 fit
442 2085 550 2119 formaliter
558 2085 674 2127 universale,
686 2085 737 2119 eirea
745 2087 790 2120 sub-

37 2138 132 2180 stantiam,
144 2148 193 2180 qnae
205 2142 235 2172 est
247 2139 325 2181 proprie
338 2139 390 2181 quid,
402 2139 523 2173 determinat.

348 2246 478 2253 ww

292 2320 414 2353 ARTICULUS
426 2319 536 2352 SECUNDUS

176 2420 240 2449 uranu
254 2419 348 2450 DEFINITIO
363 2418 435 2449 sarciri
448 2418 507 2448 REGTE
521 2418 550 2447 Str
564 2418 644 2447 ananim

67 2528 76 2549 n
88 2528 170 2550 saouunuu
184 2529 207 2550 s1e
219 2528 324 2551 PROCEDITUR.
347 2517 428 2552 Videtur
440 2517 492 2560 quod
504 2517 592 2551 definitio
605 2516 674 2559 speciei
689 2526 729 2560 non
738 2520 790 2551 reete

37 2527 64 2600 Α
79 2572 104 2605 sit
115 2572 190 2612 tradita,
203 2572 301 2614 nimirum,
313 2573 366 2615 quod
378 2572 501 2615 praedicatur
513 2571 537 2604 de
548 2570 639 2613 pluribus
651 2571 789 2605 differentibus

36 2634 118 2659 numero
129 2626 149 2659 in
162 2635 184 2659 eo
196 2626 248 2668 quod
261 2626 313 2668 qnid.
337 2626 436 2668 Quidquid
448 2625 499 2658 enim
514 2625 637 2666 praedicatur
652 2625 675 2659 de
690 2625 755 2668 aliquo
769 2626 789 2658 in

37 2678 89 2720 quid,
104 2678 150 2712 dioit
164 2682 227 2712 totum
241 2680 294 2722 illud,
310 2681 333 2713 de
348 2690 387 2722 qno
402 2679 529 2722 praedicatur.
553 2679 591 2712 Sed
607 2679 681 2721 speeies
693 2690 732 2713 non
744 2679 790 2713 dioit
