1846 3062
359 147 466 188 QUAESTIO
477 147 522 179 XXII
779 136 817 174 153

128 250 226 282 Resrosnro
243 257 322 279 nicnnnuu
340 246 392 288 quod
411 245 537 288 syllogismus
554 243 721 279 demonstrativus
739 244 818 278 derebus

64 305 126 339 modis
139 306 203 345 potest
214 301 278 343 accipi.
305 302 347 335 Uno
359 301 418 334 inodo
430 310 466 343 pro
477 301 520 334 solo
535 300 668 340 antecedente;
683 308 729 332 nani
743 298 818 333 ratione

63 360 114 393 illius
123 358 139 391 ei
148 357 239 399 competit
247 356 325 390 efficere
334 355 439 390 scientiam.
455 355 479 389 Et
488 355 524 389 hoc
533 356 591 389 modo
599 355 683 388 sumitur
690 353 818 397 syllogismus

64 411 229 448 demonstrativus
248 420 282 444 sen
299 409 439 444 demonstratio
454 420 465 443 a
480 410 598 451 Philosopho
613 411 622 443 1
635 409 708 443 Foster.
724 418 739 442 c.
751 410 766 450 2,
784 408 817 442 ubi

64 465 248 502 demonstrationem
257 464 330 504 delinit,
343 464 395 506 quod
405 463 430 497 sit
439 464 565 506 syllogismus
574 464 647 497 faciens
657 463 710 497 scire.
730 463 817 496 Effectus

64 522 117 556 enim
131 520 187 553 debet
202 518 303 560 distinete·
318 528 330 551 n
345 527 383 552 sne
398 527 460 551 eseliae
476 518 578 560 efficiente,
598 528 642 552 cirin
657 519 706 551 neec
720 517 747 551 sit
762 519 818 551 entre

64 575 170 610 essentiam
182 572 245 607 illins.

129 627 197 661 Allieno
205 627 263 660 modo
269 636 306 668 pro
313 626 436 659 antecedente
444 629 463 659 et
471 629 601 668 consequente
609 626 680 667 31111111]-
689 635 734 659 nam
743 625 818 659 ratione

64 683 166 724 utriusque
179 681 310 723 syllogismus,
326 680 378 722 quod
394 683 423 713 est
435 689 497 723 genus
509 680 686 720 demonstrationis,
702 680 818 714 delinitura

65 736 182 777 Pliilosoplio
201 734 268 776 oratio,
285 734 305 768 in
320 744 359 777 qua
373 734 491 777 quibusdam
506 734 575 777 positis
593 734 645 768 aliud
660 734 707 777 quid
722 745 733 768 a
747 734 818 776 positis

64 799 142 825 necesse
154 792 184 823 est
196 789 312 831 contingere.
336 788 359 821 In
374 798 413 831 qna
428 788 539 822 delinitione
554 789 633 830 ponitur
648 791 687 822 tam
703 788 818 822 antecedens

65 854 122 887 (11111111
135 853 256 885 consequens
269 843 292 876 de
304 843 388 876 essentia
401 842 515 885 syllogismi,
530 844 645 877 antecedens
660 845 758 885 tamquam
771 852 818 884 pars

64 898 178 933 tttctterittlis
191 899 209 931 et
221 897 288 931 active
300 896 441 940 consequentis,
454 906 575 940 consequens
587 907 634 931 vero
644 897 714 930 dicitur
723 906 770 939 pars
780 898 818 931 for-

64 952 131 986 malis.
154 953 203 985 Nam
215 951 295 985 ureteria
310 951 411 985 ordinatur
426 952 450 985 ad
465 951 549 985 formam
564 954 663 993 tamquam
679 952 704 984 ad
718 951 783 992 finem,
800 954 819 985 et

65 1009 169 1048 utrumque
178 1008 302 1048 comparatur
310 1006 334 1039 ad
343 1006 479 1048 syllogismum
488 1005 664 1039 demonstrativum
677 1005 726 1039 sient
738 1006 818 1039 materia

65 1061 89 1094 ud
97 1060 190 1100 formatum
200 1069 267 1093 omnes
274 1060 325 1093 enim
332 1067 398 1102 partes
405 1063 542 1102 comparantur
550 1060 574 1093 ad
580 1062 648 1102 totum,
655 1062 677 1093 ut
682 1060 818 1103 imperfectum

65 1115 89 1148 ad
100 1113 213 1156 perfectum.
237 1114 274 1148 Sed
287 1114 415 1148 consideratio
427 1114 512 1157 partium
526 1114 554 1148 rei
566 1114 586 1148 in
599 1114 666 1148 ordine
678 1114 702 1147 ad
715 1117 777 1147 totum
789 1117 819 1147 551

64 1170 121 1211 longe
139 1168 242 1210 perfectior
259 1178 318 1211 quam
336 1168 464 1202 consideratio
482 1169 594 1202 earumdem
612 1169 636 1202 ad
654 1168 742 1202 invicem.
769 1169 818 1202 Nam

65 1232 132 1256 ornnes
150 1225 215 1265 partes
234 1226 279 1256 sunt
296 1226 377 1265 propter
394 1223 530 1265 perfectionem
550 1224 614 1264 totius,
636 1223 684 1257 sicut
702 1226 720 1256 et
738 1222 819 1256 materia

65 1280 145 1319 propter
159 1277 252 1317 formam,
268 1280 333 1319 partes
348 1277 399 1310 enini
415 1280 460 1310 sunt
475 1277 700 1319 [1111151111111511515111151
715 1279 733 1310 et
745 1278 819 1310 bonurn

65 1331 124 1364 totius
137 1334 166 1364 est
177 1330 224 1363 finis
239 1331 341 1365 cuiuslibet
355 1331 440 1372 partium
455 1331 502 1364 eius.
525 1332 572 1364 ideo
588 1331 700 1373 simpliciter
715 1330 818 1364 dicendum

65 1388 99 1427 est,
116 1385 168 1427 quod
183 1384 267 1418 essentia
283 1384 390 1427 syllogismi
406 1385 494 1418 consistit
506 1386 525 1418 iu
537 1384 652 1427 praemissis
664 1388 682 1418 et
697 1384 820 1418 conclusione

66 1438 128 1472 simul.

131 1493 161 1525 Ex
172 1503 211 1535 quo
223 1493 280 1526 etiarn
296 1493 397 1535 colligitur,
412 1494 464 1534 quod
480 1493 602 1535 interempta
617 1493 745 1527 coriclicsione
759 1493 820 1527 'inter-

67 1546 137 1579 imitur
146 1546 275 1588 mancipium
287 1547 428 1580 eorzulnstonts.
450 1547 552 1581 Conclusio
565 1547 616 1580 enim
629 1557 649 1580 se
661 1547 719 1580 habet
731 1547 756 1580 ad
767 1546 820 1588 prin-

65 1600 135 1642 cipium
148 1603 170 1633 ut
181 1610 228 1642 pars
240 1601 265 1634 ad
276 1603 344 1634 totum.

130 1676 156 1709 An
168 1687 276 1708 mulionesnon
285 1687 327 1709 nuce
338 1687 418 1708 niensium
430 1677 483 1719 quod
491 1677 534 1711 ideo
543 1678 606 1710 omnis
615 1677 725 1711 discursive
733 1677 821 1710 doctrina

65 1729 88 1763 111
100 1740 124 1763 ex
135 1730 277 1771 praeexistente
290 1731 403 1773 cognitione
419 1731 464 1772 quia
479 1731 499 1763 in
511 1731 544 1764 tali
556 1731 644 1765 doctrina
655 1734 674 1764 51
686 1731 763 1764 termini
776 1731 821 1765 sim·

65 1783 125 1824 plices
137 1784 313 1825 praecognoscendi
326 1788 371 1817 sunt
383 1788 406 1825 et,
421 1788 523 1826 antequam
537 1785 640 1818 inducatur
652 1785 754 1826 conclusio,
767 1794 821 1826 prae-

66 1839 210 1880 cognoscendae
223 1841 268 1872 sunt
280 1838 403 1879 praemissae.

393 1967 458 1998 deJ,
476 1982 491 1984 w

181 2103 352 2147 QUAnsrlo
369 2103 706 2143 VIGESIMASEGUNDA

267 2215 301 2248 DE
314 2215 471 2249 EXISTENTIA
484 2215 622 2249 SGIENTIAE

309 2322 326 2342 ln*
338 2321 413 2346 ettennon
424 2321 512 2342 ilnrlcunos
523 2321 579 2342 Divisa

68 2419 76 2435 s
84 2389 224 2461 {gesseramus
236 2407 272 2448 liis,
288 2417 337 2450 quae
351 2409 375 2441 ud
387 2408 572 2441 demonstrationem
588 2408 650 2449 ipsam
664 2407 766 2449 pertinent,
779 2418 823 2450 pro-

107 2466 114 2480 .·
133 2460 239 2493 cedendum
255 2463 285 2494 est
299 2462 323 2494 ad
336 2461 508 2495 considerationem
523 2460 617 2503 scientiae,
633 2471 682 2503 quae
697 2464 726 2495 est
741 2461 823 2496 effectus

82 2506 115 2525 ΨΜ
134 2513 311 2548 demonstrationis.
336 2515 360 2547 Et
376 2514 439 2557 primo
457 2515 563 2547 secundum
578 2515 752 2548 considerationem
767 2517 824 2549 abso-

38 2604 41 2609 ,
67 2565 137 2607 lutam3
150 2570 169 2601 et
181 2566 250 2601 deinde
263 2569 368 2602 secundum
382 2567 533 2610 comparativam
542 2568 721 2603 considerationem.
741 2569 824 2612 Oportet

68 2623 132 2653 auteur
147 2622 235 2655 absolute
253 2623 377 2656 considerare
391 2623 460 2665 primo
478 2622 600 2656 existentiam
619 2623 718 2664 scientiae3
736 2626 824 2658 nectendo

68 2674 181 2716 essentiam3
189 2675 248 2709 rei-tto
255 2677 393 2718 proprietates;
403 2679 476 2719 pristino
483 2676 548 2709 varias
555 2676 666 2711 divisiones.
679 2678 728 2711 Nam
735 2679 824 2721 qiiaestio
