1846 3062
309 162 415 203 QUAESTlO
427 162 456 194 XV
479 163 600 195 ARTlCULUS
611 163 625 194 ll

344 323 466 357 ilR'llGULUS
478 323 587 357 SECUNDUS

113 422 175 449 uranu
190 421 288 450 Discursus
302 422 441 452 srlncslsrlcus
455 422 484 450 Sil
498 421 553 450 actus
568 421 682 450 conroslrus
696 421 820 450 innectamus

122 519 130 538 o
143 518 379 539 11111111115111110111111111
396 508 476 541 Videtur
485 508 537 549 quod
546 507 648 541 discursus
661 507 792 549 syllogisticus
805 517 844 540 non

90 520 118 590 Α
133 561 158 594 sit
169 563 223 594 actus
236 561 355 603 conipositus
367 561 480 602 intellectus,
494 561 527 595 sed
540 560 628 603 simplex.
648 561 698 594 Nam
709 570 749 595 uno
762 560 844 603 simplici

91 620 134 649 actu
145 618 210 657 potest
222 616 266 658 quis
279 615 421 649 conclusionem
433 618 452 649 et
459 615 578 658 praemissas
587 614 715 657 considerare,
727 618 746 648 et
753 614 843 653 iudicare,

91 670 189 712 quomodo
201 669 298 703 conclusio
311 679 334 702 11
346 670 460 712 praemissis
467 670 568 703 inferatur.
589 669 627 703 Sed
636 669 763 712 syllogismus
771 669 843 703 nnllam

91 724 148 757 aliam
160 723 288 766 cognitionem
301 723 382 758 includit
393 727 471 767 praeter
482 725 523 757 has.
545 724 598 766 Ergo
610 723 736 766 syllogismus
748 727 778 758 est
790 727 845 757 actus

93 778 175 821 simplex
186 778 299 812 intellectus.

157 855 191 889 Seu
199 865 262 887 comm
271 866 298 888 rsr
311 856 363 898 quod
371 855 397 889 ita
410 865 430 890 se
442 856 500 890 habet
511 855 619 889 intellectus
631 854 748 889 ratiocinans
761 865 795 889 seu
807 855 846 897 syl·

91 909 187 951 logismus
202 910 226 944 ad
242 909 336 952 principia
352 913 370 943 et
385 910 523 951 conclusiones,
539 910 589 943 sicut
603 909 711 943 intellectus
726 919 845 952 componens

91 971 110 998 11
122 965 211 998 dividens
224 965 248 998 ad
261 965 369 998 subiectum
380 968 399 998 et
406 964 544 1007 praedicatum.
564 964 602 998 Sed
610 963 717 998 intellectus
726 973 844 1006 componens

91 1027 110 1052 et
122 1019 211 1053 dividens
223 1019 284 1053 multa
296 1019 405 1053 successive
417 1019 516 1061 cognoscit
531 1021 550 1052 et
563 1028 624 1052 unum
638 1021 683 1061 post
697 1018 754 1059 aliud¹
770 1019 846 1061 praecli-

92 1077 156 1107 aarum
165 1084 189 1107 sc.
198 1076 243 1115 post
251 1073 364 1107 subiectum.
385 1073 438 1115 Ergo
450 1073 538 1106 similiter
546 1072 653 1107 intellectus
663 1072 779 1116 syllogizans
788 1073 844 1115 plura

93 1127 202 1161 successive
214 1127 313 1170 cognoscit
325 1129 343 1160 11
355 1130 495 1169 consequent-er
508 1130 551 1160 actu
563 1128 675 1169 composito.
797 1122 798 1126 ’

158 1204 255 1237 Rrsrounro
270 1214 349 1236 niernum
367 1204 419 1245 quod
434 1212 512 1237 necesse
527 1207 557 1237 cst
571 1203 634 1237 (licere
651 1204 786 1246 syllogismum
802 1213 845 1237 esse

91 1264 155 1292 actum
167 1258 275 1292 intellectus
286 1257 420 1300 compositum.
441 1257 514 1300 Primo,
528 1258 573 1300 quia
582 1258 708 1300 syllogismus
716 1257 845 1291 essentialiter

93 1314 190 1356 importat
202 1312 330 1355 coguitionem
342 1312 496 1355 praemissarum
507 1315 526 1346 et
534 1311 668 1346 conclusionis.
688 1311 784 1346 Definitur
793 1312 843 1346 enim

93 1368 219 1410 syllogismus
231 1377 242 1400 a
254 1366 378 1409 Pliilosoplro,
391 1367 443 1409 quod
457 1366 481 1400 sit
490 1367 556 1409 oratio,
568 1366 589 1400 in
597 1377 635 1410 qua
643 1367 761 1410 quibusdam
769 1366 844 1409 positis,

93 1427 139 1464 puta
151 1421 270 1464 praemissis,
285 1421 337 1455 aliud
349 1422 401 1464 quid,
417 1424 463 1464 puta
476 1421 578 1463 conclusio
593 1421 695 1464 colligitur,
718 1421 845 1456 Procedimus

93 1477 112 1509 in
128 1475 241 1519 syllogismo
253 1486 264 1509 a
276 1475 328 1509 notis
343 1476 368 1509 ad
382 1475 453 1518 ignota,
468 1485 552 1518 quorum
567 1475 598 1509 illa
615 1479 661 1509 sunt
672 1476 799 1519 praemissae
814 1477 845 1510 vel

93 1530 192 1573 principia,
204 1531 250 1563 hacc
262 1539 309 1563 vero
321 1533 351 1563 est
363 1530 470 1564 conclusio.

159 1584 255 1627 Secu-neo,
271 1584 316 1626 quia
330 1584 350 1617 in
366 1584 479 1627 syllogismo
494 1584 603 1618 necessario
616 1585 689 1627 cleeplec
700 1585 801 1618 discursus
817 1594 846 1619 re-

93 1640 173 1681 peritur.
200 1639 254 1673 Urcels
267 1639 373 1673 secundnm
385 1639 531 1680 successionem,
550 1639 655 1672 secundum
668 1639 795 1682 quamplura
807 1639 845 1673 dis-

93 1693 157 1727 tinctis
172 1693 315 1736 cognitionibus
331 1693 440 1727 successive
455 1696 604 1736 cognoscuntur,
619 1695 666 1735 puta
680 1693 799 1735 praemissae
814 1695 845 1728 vel

93 1747 187 1790 principia
199 1750 218 1781 et
229 1747 367 1781 conclusiones.
389 1747 409 1781 Si
421 1747 472 1780 enim
484 1747 504 1780 in
516 1747 559 1789 ipsa
571 1747 679 1790 cognitione
691 1747 844 1790 praemissarum

93 1812 127 1835 sen
144 1801 284 1844 principiorum
302 1802 409 1835 intellectus
427 1805 494 1835 noster
510 1801 614 1843 inspiceret
631 1801 687 1843 quasi
705 1804 761 1836 notas
777 1812 845 1836 omnes

93 1856 231 1898 amclusioues,
247 1855 361 1898 syllogizare
376 1858 444 1898 posset
459 1859 558 1898 tamquam
571 1855 707 1898 syllogismum
720 1866 844 1899 cognoscens,

93 1911 142 1944 sicut
153 1910 226 1953 Angeli,
239 1920 277 1943 non
290 1914 353 1943 autem
362 1909 491 1952 cognitionem
504 1909 592 1943 veritatis
604 1910 681 1952 ignotae
692 1910 794 1953 acquirens
808 1912 846 1954 syl-

92 1965 193 2007 logizando
202 1975 226 1998 11
235 1964 298 1998 causis
307 1964 326 1997 in
334 1967 411 1998 causata
417 1967 436 1997 et
442 1974 466 1997 11
473 1964 556 1998 causatis
562 1964 582 1997 in
589 1974 662 1998 causas.
675 1964 731 1998 iliter
738 1966 843 1999 seeundum

93 2019 239 2060 ‹musalitctese
256 2018 275 2051 in
291 2028 330 2061 quo
345 2018 390 2060 qnia
404 2018 529 2059 procedimus
545 2018 568 2051 111
582 2021 629 2052 noto
644 2019 668 2052 ud
682 2018 776 2061 ignotum,
791 2028 845 2061 prae-

93 2073 210 2115 snpponitur
222 2073 276 2114 prior
288 2072 395 2111 discursus,
408 2077 426 2105 11
437 2075 537 2114 praeterea
549 2072 661 2114 requiritur,
675 2076 697 2106 111
708 2072 792 2115 cognitio
805 2073 845 2106 noti

93 2127 118 2159 sit
130 2136 188 2160 causa
199 2126 285 2160 efficiens
298 2126 414 2169 cognitionis
425 2126 492 2169 ignoti.
516 2126 569 2165 erae
581 2126 701 2167 cognitiones
713 2126 733 2159 in
745 2137 803 2160 unam
816 2137 846 2160 co-

92 2181 175 2214 alescere
187 2190 226 2214 non
238 2184 326 2222 possunt.

157 2257 448 2289 ,11111111111111111111111111111111
463 2257 516 2298 quod
530 2260 576 2289 tunc
590 2259 666 2289 tantum
681 2260 710 2290 est
727 2257 845 2299 syllogistica

93 2314 160 2343 nostra
172 2309 306 2351 consideratio,
319 2310 397 2352 qnando
409 2320 419 2343 a
431 2309 532 2352 principiis
545 2319 579 2343 seu
591 2309 705 2351 praemissis
718 2309 845 2343 consideratis

92 2363 199 2397 transimus
211 2364 235 2396 ad
248 2364 386 2397 conclusiones.
406 2365 449 2397 Non
458 2364 509 2397 enim
517 2373 541 2396 11
549 2364 586 2396 hoc
594 2363 663 2405 aliquis
674 2364 780 2406 syllogizat,
792 2364 845 2405 quod

92 2418 175 2459 inspicit,
190 2417 272 2459 qualiter
284 2418 381 2451 conclusio
393 2428 417 2450 11
429 2417 543 2460 praemissis
556 2420 654 2459 sequatur,
670 2417 728 2451 simul
739 2420 845 2461 utrumque

93 2472 224 2504 omsiclerans.
248 2472 291 2504 Hoc
302 2472 353 2504 enim
365 2481 404 2504 non
417 2471 511 2513 contingit
523 2472 628 2514 arguendo,
646 2472 679 2505 secl
691 2475 806 2514 argumenta
819 2472 846 2505 di-

93 2525 204 2558 imlicanclo:
221 2526 270 2558 sicut-
281 2535 316 2558 nec
328 2525 412 2567 cognitio
424 2525 529 2558 rnaterialis
541 2528 571 2558 est
582 2535 607 2558 11
618 2525 659 2566 hoc,
675 2526 727 2567 qnod
739 2525 845 2559 materialia

92 2580 168 2613 iudicat.
