1846 3062
306 125 411 164 QUAESTIO
423 125 460 155 VIII
482 125 604 156 ARTICULUS
615 126 637 156 VI

163 220 196 253 San
211 229 273 252 coxrnn
288 229 316 250 asa
331 219 384 261 quod
399 218 462 260 specie
477 218 568 252 dicuntur
583 228 649 259 unum,
667 228 751 261 quorum
766 229 805 252 una
819 221 849 252 est

97 274 189 318 definitio,
202 278 223 310 ut
235 273 304 309 dIcitur
313 275 323 308 1
333 273 445 319 alerannus.
457 284 471 309 c.
480 275 495 310 6.
516 274 553 310 Sed
565 273 632 308 eadem
645 277 674 309 est
686 273 773 309 delinitio
785 284 849 309 essen-

97 331 148 365 tialis
155 330 251 374 passionis
258 334 276 364 et
281 331 380 372 passibilis
387 330 490 373 quailtatis.
504 331 556 374 Ergo
563 330 629 372 passio
636 334 654 364 et
660 330 759 373 passibilis
766 331 848 373 qualitas

97 395 136 418 non
148 385 242 418 ditterunt
255 384 322 425 specie,
335 385 369 418 sed
382 385 502 418 constituunt
515 394 572 417 urrann
585 385 668 426 speciem
680 384 783 427 qualitatis.

162 461 259 492 Responnao
267 470 347 491 nicrinuu
356 460 408 501 quod
417 460 495 492 (Iacobus
502 459 605 500 praecipue
613 460 677 492 modis
686 459 770 492 sumitur
778 459 849 500 passio,

96 515 118 543 ut
129 514 181 552 patet
193 521 217 544 ex
226 511 363 552 Pliilosopl104
372 512 483 553 ntetaplzps.
492 521 506 544 c.
515 513 541 543 21.
564 512 606 544 Uno
617 513 681 552 modo,
693 521 729 552 pro
737 511 849 543 alteratione

96 567 115 597 et
127 564 200 598 actione
212 564 327 608 qualitatum
340 564 469 606 sensibilium;
485 568 504 599 ct
519 565 546 598 sic
561 565 627 607 passio
639 569 669 599 est
680 575 740 599 unum
753 565 850 608 praedica-

97 622 189 664 mentum,
205 623 227 656 ut
243 620 326 656 calefieri
341 623 360 656 et
371 620 486 665 infrigidari.
509 620 556 656 Atto
569 621 627 657 modo
640 621 724 656 sumitur
735 621 801 665 passio
813 630 849 665 pro

97 676 193 719 qualitate,
206 677 313 711 secundum
325 688 384 720 quam
395 677 419 710 fit
430 677 522 719 alteratio
534 679 556 710 ut
568 677 633 711 album
646 681 664 711 et
676 677 764 720 nigrum,
777 680 795 711 et
803 678 850 710 haec

97 733 126 763 est
135 731 190 763 tertta
200 731 273 772 species
281 731 385 772 qualitatis.
406 732 441 764 Est
450 732 500 764 enim
514 731 579 772 passio
592 731 619 764 stc
632 733 709 773 sumpta
721 731 849 764 essentialiter

96 784 167 816 modus
183 787 201 816 et
215 784 350 817 determinatio
369 784 450 817 subiecti
467 784 487 816 in
505 793 548 817 esse
563 783 675 816 accidentali
691 784 798 816 secundum
813 787 850 817 ter-

97 836 161 867 minos
173 836 253 868 actionis
263 838 281 867 et
287 836 390 876 passionis,
396 839 415 868 et
422 836 448 868 ita
457 836 531 875 dicitur,
541 836 572 867 vel
578 836 624 876 quia
630 836 713 868 infertur
722 845 757 876 per
765 836 849 877 aliquam

97 888 209 930 passionem
221 888 252 922 vel
264 888 309 931 qnia
321 888 373 922 illam
384 888 448 922 infert.

163 944 294 990 Distinguitur
307 949 371 980 autem
383 945 449 990 passio
462 945 489 981 sic
501 948 579 989 sumpta
590 944 610 980 111
619 945 667 980 duas
677 944 750 989 species
760 945 850 981 acciden-

97 1001 168 1034 taliter
175 1001 281 1043 distinctas,
293 1005 340 1044 puta
348 1002 368 1035 in
376 1002 488 1044 passionem
496 1005 515 1035 et
523 1001 635 1044 passibilem
645 1001 762 1044 qualitatem.
782 1002 849 1035 Passio

98 1055 149 1087 errim
161 1055 244 1096 qualitas
256 1058 286 1088 est
298 1056 337 1088 cito
349 1055 451 1096 transiens,
468 1056 517 1088 sicut
528 1056 608 1092 rubedo,
624 1065 672 1097 quae
688 1055 750 1088 oritur
762 1065 786 1088 ex
797 1065 850 1089 vere-

97 1108 171 1147 cundia,
184 1111 203 1140 et
214 1108 281 1149 pallor,
294 1109 327 1149 qui
339 1109 446 1147 extimare,
458 1111 477 1140 et
487 1108 575 1141 similiter
584 1108 617 1148 ira,
630 1108 696 1141 odium
706 1110 724 1140 et
732 1107 849 1147 huiusmodi,

97 1169 146 1199 quae
158 1160 223 1192 omnia
233 1159 362 1200 Philosophus
375 1160 394 1191 in
403 1161 413 1191 2
421 1160 485 1192 Etlcc‘c.
499 1162 554 1192 vocat
566 1160 673 1200 passiones.
693 1160 794 1192 Passibilis
803 1169 850 1192 vero

96 1212 180 1255 qualitas
192 1213 267 1255 dicitur,
279 1223 328 1256 quae
341 1223 382 1247 111111
394 1213 433 1247 cc'to
445 1213 520 1255 transit,
534 1212 583 1246 sicut
595 1214 656 1247 rubor
668 1216 687 1247 et
699 1213 765 1256 pallor,
781 1213 814 1257 qui
826 1223 850 1247 ex

97 1269 229 1313 complexione
243 1268 338 1304 crtuutur.
363 1269 404 1305 Cito
416 1269 468 1304 enim
483 1269 566 1305 transtre
581 1270 612 1304 uel
627 1269 661 1305 11111
675 1279 789 1314 permanere
805 1272 851 1305 sunt

97 1328 172 1359 tantum
185 1325 311 1359 accidentales
319 1325 446 1359 ditterentiae.
467 1326 523 1365 Quod
532 1335 586 1359 exeo
595 1326 720 1360 manifestum
730 1335 772 1359 esse
781 1327 850 1367 potest,

98 1380 150 1420 quod
162 1380 271 1421 praedictae
283 1380 391 1421 qualitates,
407 1390 456 1421 quae
468 1380 559 1413 dicuntur
568 1380 675 1421 passiones,
687 1382 771 1421 possunt
779 1379 851 1413 mutari

97 1432 118 1463 111
129 1432 232 1472 passibiles
245 1432 352 1472 qualitates,
366 1433 382 1465 si
394 1432 467 1465 diutius
480 1433 555 1465 durent,
576 1433 632 1469 Quod
643 1442 686 1465 esse
698 1442 737 1464 non
749 1435 821 1473 posset,
835 1432 851 1464 si

98 1483 199 1524 passiones
218 1483 281 1525 specie
296 1484 463 1525 distinguerentur
479 1493 490 1516 a
504 1484 631 1525 passibilibus
647 1484 778 1526 qualitatibus.
801 1485 851 1516 Nam

98 1546 136 1570 una
149 1537 222 1580 species
234 1547 273 1571 non
286 1541 372 1572 mutatur
384 1537 403 1571 in
416 1537 477 1572 aliam.

163 1617 190 1650 An
202 1628 310 1650 ARGUMENTUM
324 1628 366 1650 anco
381 1628 461 1650 urrunnun
475 1619 528 1661 quod
542 1618 595 1651 nulla
609 1628 641 1652 res
656 1617 791 1652 denomihatur
805 1620 851 1653 sitic-

95 1671 181 1713 plc'citer
193 1672 241 1705 tutte
253 1681 288 1713 per
300 1672 417 1714 qualitatem,
432 1682 481 1714 quae
495 1682 534 1706 non
550 1672 575 1705 sit
589 1674 725 1714 permanenter
741 1682 760 1705 se
772 1673 851 1712 habens,

99 1725 133 1757 sed
146 1725 182 1757 cito
195 1725 297 1757 transiens.
317 1726 342 1758 Ut
354 1727 406 1766 patet
417 1725 437 1757 in
449 1728 507 1766 raptu
516 1727 537 1758 D.
546 1725 605 1765 Pauli,
618 1726 656 1766 qui,
668 1726 711 1758 licet
723 1728 769 1758 tunc
781 1726 852 1759 ruderit

98 1777 185 1808 diuinam
202 1778 311 1817 essentiam,
329 1778 394 1810 lumen
412 1780 477 1809 tamen
494 1778 541 1810 illud
559 1778 637 1818 glottae,
656 1778 701 1819 quia
719 1787 753 1818 per
771 1779 851 1811 modum

98 1828 195 1871 passipnis
211 1830 335 1864 transeuntis
352 1830 389 1864 tuit
406 1829 493 1864 intusum
511 1830 562 1863 illius
580 1830 645 1872 menti,
663 1840 702 1864 non
719 1830 851 1865 denominavit

97 1884 150 1919 illam
163 1884 275 1930 simpliciter
284 1886 412 1931 glorificatam
424 1889 443 1921 et
452 1887 532 1928 beatam,
546 1885 595 1921 sicut
607 1886 719 1921 denominat
728 1887 795 1922 beatos
804 1887 851 1922 alios

99 1941 185 1984 Sanctos,
197 1942 231 1985 qui
243 1945 289 1976 sunt
300 1943 320 1976 in
332 1944 390 1986 coelo,
402 1943 448 1985 quia
459 1946 489 1977 est
500 1943 520 1976 in
532 1943 610 1976 illorum
621 1943 719 1977 mentibus
728 1953 763 1985 per
771 1944 852 1978 niodum

97 1996 172 2029 ferinae
190 1997 327 2037 permanentis.
356 1998 381 2030 Et
397 1996 441 2030 ideo
457 1997 503 2030 dicit
521 1997 657 2038 Philosophus,
675 1997 727 2039 quod
745 1998 852 2031 secundum

99 2049 201 2090 qualitates
223 2050 325 2090 passibiles
348 2050 496 2083 denominamur
519 2051 596 2091 quales,
622 2050 728 2083 secuudum
750 2051 851 2091 passiones

98 2109 146 2133 vero
158 2110 202 2133 non.

368 2311 490 2343 ARTICULUS
501 2311 581 2343 SEXTUS

249 2407 312 2433 UTRUII
325 2408 387 2434 Fortun
402 2408 425 2434 ΕΤ
439 2408 507 2435 FIGURA
522 2407 585 2435 sanctu
600 2407 704 2434 DIFFERANT

102 2503 139 2577 Aa
154 2502 215 2526 srxrnn
229 2503 252 2526 sic
267 2503 372 2527 rnorrnnun.
395 2492 476 2528 Videtur
493 2493 546 2538 quod
564 2492 628 2528 tonna
645 2495 664 2528 et
680 2491 745 2538 figura
761 2493 853 2530 ditterant

141 2549 209 2592 speciei
232 2550 281 2583 Nam
293 2549 357 2584 torma
368 2551 402 2584 dat
413 2560 457 2584 esse
472 2550 585 2593 speciticum
599 2549 632 2592 rel,
650 2560 689 2584 non
704 2553 768 2584 autem
782 2551 853 2594 figura,

100 2613 144 2636 cnm
157 2604 181 2637 sit
194 2607 268 2637 tantum
280 2605 390 2638 terminatio
402 2604 522 2646 quantitatis.
542 2604 580 2637 Sed
592 2614 641 2646 qnae
653 2605 700 2638 dant
711 2614 754 2638 esse
763 2605 854 2639 distincta

100 2657 233 2698 essentialiter,
246 2658 308 2698 specie
321 2658 420 2691 differunt.
441 2659 494 2699 Ergo
506 2658 570 2691 torma
582 2660 600 2690 et
608 2657 673 2699 figura
682 2658 744 2699 specie
753 2658 853 2692 differunt.
