1846 3062
363 159 469 200 QUAESTIO
481 160 496 192 X
518 160 640 193 ARTlCULUS
651 161 658 193 l

406 342 527 374 ARTICULUS
539 342 618 374 PRIMUS

145 440 209 467 UTRUll
222 439 379 467 Paatntcnttnttra
394 438 479 467 nononis
493 439 516 466 ET
529 438 631 474 Passtorts,
646 438 727 475 QUANDO.
741 439 773 467 UBI
788 440 811 467 ET
824 439 874 468 SITUS

296 491 338 520 siut*
352 492 426 520 FORMAE
440 491 565 521 axramsaccs
579 492 724 521 Danonlnanres

164 600 174 621 o
182 599 243 621 rniuun
251 600 275 621 sm
283 598 389 620 pnotnonna.
403 589 484 622 Videtur
492 590 545 631 quod
554 590 709 631 praedicamenta
715 589 795 623 actionis
802 593 820 623 et
826 591 889 632 passi-

135 601 162 674 Α
176 643 224 685 onis,
236 643 319 685 quaudo,
336 642 369 676 nbi
384 645 403 676 et
418 643 467 676 situs
482 653 521 676 non
534 644 572 676 sint
583 643 658 677 formae
670 644 791 678 extrinsecus
803 644 889 678 denomi-

134 702 208 732 nantes.
231 698 280 731 Nam
292 696 341 730 aetio
353 696 413 731 estin
426 700 494 741 agente
507 701 606 741 tamquam
618 698 638 732 in
651 698 741 742 subiecto,
754 700 784 733 oui
795 700 888 734 inhaeret.

135 753 173 788 Sed
184 753 248 787 torma
260 751 346 786 subiecto
358 751 461 786 inhaerens
469 762 508 787 non
517 756 547 786 est
553 753 617 787 forma
625 753 746 789 extrinsecus
755 754 889 789 denominans.

135 809 188 851 Ergo
200 807 249 842 actio
261 817 300 841 non
312 809 342 841 est
354 807 397 842 talis
409 806 477 841 forma.

200 864 215 897 2.
232 863 337 902 Pinariam,
354 862 420 905 passio
435 865 465 896 est
478 862 498 896 in
513 872 577 905 passo.
601 862 638 897 Sed
654 863 784 898 denominatio
800 874 810 898 a
824 865 888 899 torma

134 918 246 951 inhaerente
260 927 299 951 non
318 920 347 951 est
364 917 495 951 denominatio
511 917 623 951 extrinseca.
648 918 701 960 Ergo
719 918 784 960 passio
802 928 841 952 non
858 923 888 953 est

134 973 198 1005 torma
210 972 330 1005 extrinsecus
343 971 476 1005 denominans.

199 1028 215 1060 3.
231 1027 336 1066 Phameam,
352 1029 416 1059 nrotns
431 1026 496 1059 localis
508 1028 538 1060 est
550 1025 630 1059 mutatio
642 1027 742 1068 quaedam.
766 1027 804 1061 Sed
816 1027 835 1060 in
847 1037 889 1061 mu·

134 1079 206 1114 tatione
217 1080 269 1114 idem
281 1083 311 1114 est
323 1080 431 1114 subiectum
443 1080 555 1114 mutationis
567 1083 586 1113 et
597 1080 675 1114 termini
687 1090 721 1122 per
732 1081 784 1115 illam
794 1081 888 1124 acquisiti.

136 1135 189 1177 Ergo
210 1144 253 1168 cnm
272 1135 308 1168 tibi
328 1134 352 1168 sit
371 1134 466 1168 terminus
486 1137 552 1168 motus
569 1134 640 1176 localis,
659 1135 695 1168 ubi
714 1145 753 1169 non
772 1136 809 1169 erit
824 1136 889 1170 forma

134 1189 248 1224 extrinseca.

199 1245 214 1277 4.
230 1244 335 1282 Panaenum,
350 1246 427 1285 tempus
442 1242 567 1285 consequitur
579 1252 721 1285 quemcumque
733 1247 807 1277 motuni
820 1244 889 1279 abillo

135 1299 176 1331 sola
190 1297 264 1331 ratione
279 1297 397 1330 distinctum.
421 1297 458 1330 Sed
473 1300 538 1330 motus
553 1300 583 1330 est
597 1297 617 1330 in
632 1297 703 1338 mobili,
719 1297 764 1339 quia
778 1301 843 1332 motus
859 1302 889 1332 est

134 1356 188 1386 actus
203 1351 285 1385 mobilis.
309 1351 362 1393 Ergo
380 1356 399 1384 et
414 1353 491 1393 tempus
508 1354 527 1384 et
544 1360 579 1393 per
594 1360 715 1393 consequens
730 1353 822 1394 pittancia·
837 1353 889 1386 unde

135 1406 216 1449 quttlzdo
229 1415 268 1439 non
280 1408 310 1439 est
321 1405 385 1439 forma
396 1405 509 1438 extrinseca.

201 1482 234 1515 Sno
249 1492 312 1513 oomni
326 1492 354 1513 usn
372 1481 424 1523 qnod
442 1481 550 1524 tripliciter
565 1483 629 1523 potest
644 1481 752 1515 subiectum
768 1482 888 1515 (lenominari

135 1538 159 1570 ab
171 1537 235 1578 aliquo
247 1536 367 1578 praedicato:
385 1545 426 1568 olco
442 1535 500 1568 modo
516 1538 615 1576 tamquam
630 1536 654 1567 ab
669 1544 696 1576 eo,
711 1536 764 1577 quod
779 1538 808 1569 est
823 1535 888 1578 ipsum

135 1590 252 1629 snhiectum3
272 1588 314 1622 clio
332 1589 390 1621 modo
406 1592 505 1630 tamquam
525 1589 550 1621 ab
567 1597 595 1628 eo,
615 1589 668 1630 quod
687 1588 738 1621 inest
755 1589 840 1622 subiecto
858 1590 888 1623 vel

134 1643 222 1676 absolute
237 1643 268 1676 uel
282 1643 362 1675 relative
377 1642 401 1675 ad
417 1641 478 1681 aliudJ
494 1642 551 1674 tertio
566 1641 624 1674 modo
639 1642 663 1674 ab
680 1651 707 1683 eo,
722 1642 774 1683 qnod
790 1646 819 1675 est
834 1645 889 1675 extra

135 1696 248 1730 subiectum.
272 1696 309 1730 Sed
325 1695 389 1737 primo
404 1695 462 1728 modo
478 1694 614 1728 denominatur
629 1695 738 1728 subiectum
752 1696 888 1736 asnhstautia‚

135 1749 219 1783 secundo
231 1750 289 1783 modo
301 1759 312 1781 a
324 1748 436 1790 quantitate
448 1748 539 1790 qualitate
551 1751 571 1781 et
582 1748 679 1781 relatione.
700 1749 753 1790 Ergo
761 1748 818 1782 tertio
830 1750 889 1782 modo

134 1803 290 1836 denominabitur
301 1802 409 1835 substantia
417 1803 441 1834 ab
450 1801 492 1834 aliis
500 1801 667 1843 praedicamentis.
687 1802 742 1835 Unde
749 1805 807 1835 erunt
814 1802 889 1835 formae

134 1856 255 1889 extrinsecus
268 1855 419 1888 denominantes.

200 1932 298 1965 Rasroroeo
306 1942 385 1963 nmennnn
393 1931 451 1973 quod,
460 1930 588 1964 communiter·
596 1931 698 1974 loquendo,
709 1931 782 1974 aliquid
789 1931 890 1966 inuenitur

134 1986 255 2020 denominari
266 1986 291 2019 ab
303 1986 367 2028 aliquo
379 1985 488 2018 extrinseco
500 1986 531 2018 cel
544 1985 649 2018 secundum
662 1985 757 2018 rationem
773 1995 847 2020 cortone
858 1987 890 2020 ccl

135 2040 241 2074 secundum
253 2039 348 2073 rationem
360 2049 470 2073 attenuante.
490 2038 630 2072 Denomlnatur
642 2039 694 2073 enim
706 2039 778 2083 aliquid
787 2043 888 2074 causatum

134 2101 152 2129 et
162 2098 296 2129 mensuratum
305 2095 329 2128 ab
337 2094 402 2137 aliquo
410 2093 507 2128 exteriori.
524 2093 555 2128 Sic
564 2094 629 2136 igitur,
639 2094 745 2128 secuudum
754 2095 807 2138 quod
816 2095 889 2138 aliquid

134 2150 270 2184 denominatur
285 2159 296 2182 a
311 2159 368 2183 causa
383 2152 456 2192 agente,
472 2152 501 2183 est
517 2149 693 2191 praedicamentum
706 2149 816 2192 passionis.
840 2150 889 2183 Nam

134 2205 173 2247 pati
188 2204 236 2238 nihil
251 2204 303 2238 aliud
318 2207 348 2238 est
363 2213 421 2247 qnam
438 2204 536 2246 suscipere
551 2203 624 2246 aliquid
642 2204 666 2237 ab
681 2208 754 2246 agente.
779 2204 889 2238 Secundum

134 2260 186 2302 qnod
199 2262 263 2293 autem
275 2258 410 2292 denominatur
420 2268 478 2292 causa
485 2268 545 2301 agens
554 2258 578 2291 ab
587 2257 661 2299 ellectu,
674 2261 704 2291 est
711 2258 889 2301 praedicamentum

135 2314 227 2348 cretionis.
240 2314 289 2347 Nam
296 2313 344 2347 actio
351 2315 380 2347 est
387 2317 440 2347 actus
447 2314 471 2347 ab
478 2314 546 2355 agente
553 2312 572 2345 in
579 2312 636 2346 aliud.
648 2313 727 2355 Duplex:
735 2323 782 2346 vero
791 2316 821 2346 est
830 2313 888 2347 actio:

134 2379 181 2411 urm,
195 2378 244 2410 quae
254 2370 321 2402 attinet
329 2368 349 2401 in
358 2371 432 2410 agente,
444 2370 465 2401 ut
474 2366 586 2409 intelligere,
600 2366 671 2400 sentire
679 2370 698 2400 θῖ
705 2367 763 2409 relle3
777 2367 826 2409 oltoy
840 2378 889 2410 qnae

135 2424 209 2456 transit
221 2422 240 2456 in
253 2422 369 2456 exteriorem
381 2422 487 2463 materiam,
500 2425 521 2455 ut
534 2421 637 2454 calefacere
649 2424 668 2454 et
676 2431 746 2455 secare.
766 2422 890 2465 Quapropter

134 2477 153 2510 iu
160 2477 315 2519 praedicamento
324 2476 404 2509 actionis
412 2476 491 2519 proprie
498 2479 516 2509 θῖ
523 2475 595 2509 directe
601 2479 631 2509 est
637 2475 685 2508 actio
692 2475 794 2509 transiens.
808 2477 889 2515 Quando

134 2534 198 2564 autem
210 2530 259 2564 actio
271 2536 300 2564 est
313 2531 413 2564 coniuncta
425 2540 469 2563 oum
480 2533 540 2571 motu,
556 2529 605 2562 actio
621 2529 717 2571 significat
732 2530 839 2572 aliqualiter
855 2540 889 2563 seu

136 2588 225 2619 connotat
242 2584 298 2618 etiam
314 2588 394 2618 motum.
418 2585 443 2618 Et
458 2588 504 2618 tunc
519 2584 573 2625 actio,
593 2584 658 2626 passio
675 2586 693 2617 et
708 2587 773 2618 motus
790 2588 836 2618 sunt
851 2594 890 2618 una

135 2640 240 2682 eademque
252 2649 284 2673 res
297 2649 332 2673 seu
345 2640 409 2673 forma
423 2639 443 2672 in
459 2640 515 2673 fluxu
529 2639 620 2681 quodam.
643 2639 692 2672 Nam
708 2639 759 2673 calor
773 2639 793 2672 in
811 2648 830 2673 se
847 2648 888 2672 con-

137 2693 232 2727 sideratus
241 2697 270 2728 est
278 2694 347 2736 forma,
359 2703 408 2736 quae
417 2693 473 2728 estin
482 2693 538 2727 tertia
548 2692 610 2735 specie
620 2692 726 2735 qualitatis;
740 2693 774 2727 sed
783 2694 890 2728 secundum
