1846 3062
205 160 233 191 DE
246 157 347 190 COLENDA
359 157 375 187 S.
387 155 477 187 'rnolmn
489 154 636 187 PHILOSOPHIA
728 144 799 180 XXHI

44 261 142 307 stultitia,
158 259 194 306 qui
209 259 235 295 de
248 257 282 294 ets
297 266 352 303 qrccc
365 254 464 290 uideatur
474 254 537 298 borea,
552 264 596 289 riou
605 253 726 300 potire-ear
738 252 799 288 intel-

9 301 14 327 *
45 317 109 364 lipere
123 314 179 350 Eum
195 312 233 360 qai
247 312 290 354 est·
309 320 383 356 raeque,
399 308 499 354 operibus
512 307 649 351 attendentes,
666 307 799 353 cprtorerurct

5 392 12 399 .
45 370 93 418 qrcis
110 369 161 405 esset
179 365 271 403 artitecl.
300 363 371 411 lgitru
392 361 463 408 primo
478 361 525 397 loco
540 372 632 408 magnus
647 360 682 396 hic
703 363 723 396 et
738 370 799 406 prae-

9 445 14 465 ‚3
26 426 28 428 ’
45 424 116 460 clarus
125 432 150 458 ex
161 420 254 456 humana
264 417 350 454 ratione
359 415 445 452 fructus
456 415 546 462 capitur,
558 415 616 462 quod
626 414 663 450 illa
674 414 743 450 Deum
753 424 799 450 esse

12 484 13 489 ’
45 478 186 514 demonstret:
207 484 221 509 o
234 471 385 519 ineptitudine
400 469 455 506 enirn
470 469 546 516 speciei
563 471 582 506 et
596 471 706 506 creaturae
723 479 799 515 coquo-

44 529 146 567 scibilitcr
156 526 238 574 poterit
255 525 342 562 Creator
356 525 433 561 torma
447 523 531 560 atcerte

109 581 191 618 Deinde
212 580 281 616 Deum
303 577 397 615 ostendit
417 576 513 613 oninium
531 577 690 624 periectionuni
711 575 798 613 cumulo

1 644 8 678 f
45 635 185 683 singulariter
196 633 306 678 excellere,
321 631 409 668 infinita
419 631 442 666 in
452 630 528 678 primis
539 630 650 678 sapientia,
662 641 727 677 quam
738 630 798 665 nulla

2 682 9 730 j
45 699 136 736 usquam
150 699 185 724 res
195 688 268 732 latere,
284 690 304 722 et
315 696 397 722 smnma
411 684 500 731 iustitia,
516 695 581 731 quain
592 695 674 731 pravus
687 694 799 730 nunquam

5 735 8 781 ῙῙ
45 743 132 778 vincere
147 741 215 788 possit
235 740 335 785 affectus,
354 739 446 785 ideoque
464 738 532 774 Deum
550 749 594 774 non
611 738 681 774 solum
699 748 800 773 veracem

1 815 4 818 -
46 806 95 841 esse,
111 795 148 831 sed
163 795 232 841 ipsam
247 793 312 829 etiam
326 792 442 829 ueritatem
457 791 504 827 13111
520 795 540 828 et
555 791 632 827 fallere
647 791 746 827 nesciam.
765 791 799 826 Ex

2 873 4 888 2
46 859 88 896 quo
103 848 205 894 consequi
220 846 359 894 perspicuum
374 848 411 891 est,
426 848 450 881 ut
465 845 560 881 humana
574 844 632 881 ratio
652 844 800 891 plenissimam

45 902 113 938 verbo
127 902 166 937 Dei
181 901 248 937 fidem
264 903 328 947 atque
344 899 496 935 auctoritatem
512 899 616 935 conciliet.

110 954 178 991 Simili
188 954 252 990 modo
262 953 319 989 ratio
331 953 432 999 declarat,
444 952 592 1000 euangelicam
603 952 725 988 doctrinam
735 952 799 987 mira-

1 1002 2 1005 *
46 1009 126 1045 bilibus
147 1008 276 1056 quibusdam
296 1007 372 1055 signis,
393 1010 504 1054 tamquam
524 1006 589 1043 certis
609 1009 681 1043 certae
699 1005 800 1043 veritatis

2 1070 4 1074 ’
46 1063 184 1111 argumentis,
200 1062 234 1099 vel
250 1062 276 1098 ab
292 1062 339 1110 ipsa
350 1062 434 1110 origine
445 1061 568 1098 emicuisse:
585 1064 650 1108 atque
661 1061 709 1097 ideo
721 1071 799 1106 omnes,

46 1118 83 1164 qui
97 1117 217 1165 Evangelio
231 1116 298 1153 iidem
314 1116 441 1164 adiungunt,
456 1127 500 1152 non
514 1123 595 1152 temere
606 1115 731 1163 adiungere,
746 1118 799 1151 tam-

46 1183 111 1219 quam
126 1172 199 1208 doct-as
214 1171 300 1208 fabulas
315 1172 417 1217 secutosss,
435 1171 473 1207 sed
490 1170 617 1207 rationabili
632 1181 723 1217 prorsus
739 1170 799 1206 obse-

1 1224 4 1246 ?
47 1226 97 1272 quio
112 1225 277 1273 intelligentiam
292 1228 313 1262 et
323 1225 427 1262 iudicium
438 1236 500 1262 suum
511 1225 598 1261 divinae
608 1224 715 1261 subiicere
728 1227 800 1260 aucto·

45 1280 111 1316 ritati.
135 1279 192 1316 lllud
208 1282 279 1315 autem
294 1290 337 1315 non
352 1279 441 1315 minoris
455 1279 521 1326 pretii
532 1289 577 1315 esse
587 1278 725 1326 intelligitur,
741 1278 800 1325 quod

45 1333 102 1369 ratio
116 1333 139 1369 in
153 1333 268 1380 perspicuo
282 1337 354 1380 ponat,
369 1333 489 1369 Ecclesiam
502 1344 513 1369 a
524 1332 611 1369 Christo
626 1332 750 1369 institutam
766 1333 798 1380 (ut

1 1427 3 1430 .
46 1387 122 1423 statuit
134 1387 239 1423 Vaticana
254 1386 362 1434 Synodus)
379 1387 404 1423 ob
419 1398 482 1424 33331
495 1387 646 1424 331131131111313
657 1387 800 1434 propagatio-

46 1452 99 1485 rtem,
115 1440 214 1477 caiatiam
231 1441 367 1477 sorrctitaterrr
385 1442 405 1477 et
423 1441 571 1478 icerltcaetorrt
588 1441 612 1477 irc
631 1441 730 1478 orrtrriiras
749 1441 800 1478 locis

46 1495 202 1538 fecrcrtditcterrr,
218 1495 243 1531 ob
259 1495 385 1531 catholicam
399 1495 515 1539 1311131331,
533 1495 678 1543 tenuemque
692 1495 799 1532 stabilita-

47 1551 93 1592 terrr,
109 1559 212 1595 rncpcurrc
228 1549 338 1595 quoddam
353 1551 373 1585 et
383 1550 512 1596 perpetuetur
528 1560 570 1586 esse
579 1549 684 1586 motivam
695 1549 799 1586 33311111ιῖ11-

47 1602 104 1645 tutia,
120 1604 139 1638 et
154 1602 239 1638 [11311133
252 1613 304 1639 sterce
319 1602 433 1649 repertores
448 1602 594 1640 testimouium
609 1603 773 1650 coerceantur.

288 1721 303 1749 -1,
315 1728 423 1750 ΡΗ11,ΟΞΟΡΗ1Α
434 1729 474 1750 BENE
485 1728 557 1750 EXCULTA

267 1771 367 1792 Tnnotctrnn
379 1771 448 1793 ARTIFEX
459 1772 478 1793 ET
490 1772 577 1793 turtureus

112 1825 251 1862 Solidissimis
264 1827 295 1862 ita
310 1827 386 1873 positis
400 1827 553 1873 fundamentis
567 1831 686 1875 perpetuus
698 1832 718 1864 et
730 1829 801 1864 multi-

46 1879 97 1925 plex
112 1879 182 1915 adhuc
197 1880 317 1926 requiritin·
333 1880 483 1927 philosophiae
498 1892 555 1926 usus,
570 1885 594 1917 ut
609 1892 671 1917 sacra
682 1882 800 1929 Theologia

47 1935 152 1977 naturam,
163 1932 266 1978 habitum,
274 1933 429 1980 ingeniumque
437 1944 503 1969 verae
511 1934 614 1970 scientiae
622 1935 727 1981 suscipiat
736 1938 801 1981 atque

47 1984 128 2021 induat.
157 1985 182 2020 ln
197 1985 237 2021 hac
255 1986 312 2022 enim
330 1986 465 2022 nobilissima
484 1987 649 2034 disciplinarum
668 1999 801 2035 magnopere

47 2048 133 2075 necesse
148 2041 185 2084 est,
203 2042 227 2075 ut
247 2039 328 2076 multae
347 2050 371 2075 ac
390 2040 489 2077 diversae
508 2041 633 2078 caelestium
651 2042 801 2078 doctrinarum

47 2095 120 2138 partes
135 2092 158 2128 in
175 2104 242 2128 unum
260 2093 328 2129 veluti
343 2104 422 2141 eorpus
440 2094 577 2142 colligantur,
599 2098 622 2131 ut
640 2095 685 2132 suis
703 2107 801 2144 quaeque

47 2145 99 2181 13313
115 2146 267 2183 convenienter
282 2147 408 2194 dispositae,
428 2151 448 2185 et
464 2159 490 2185 ex
505 2149 601 2197 propriis
616 2150 731 2198 principiis
747 2150 801 2187 deri-

47 2202 111 2236 vatae
126 2203 176 2248 apto
191 2200 248 2238 inter
263 2212 285 2238 se
300 2212 357 2239 nexu
379 2202 508 2240 cohaereant
515 2216 519 2248 ;
545 2204 630 2240 demum
648 2207 672 2241 ut
690 2215 762 2241 omnes
781 2208 801 2241 et

48 2254 145 2302 singulae
161 2255 205 2292 3313
219 2255 289 2303 iisque
304 2256 392 2294 inuictis
408 2258 542 2305 argumentis
558 2258 721 2296 confirmentur.

113 2309 155 2346 Nec
171 2310 256 2347 silentio
267 2312 432 2359 praetereunda,
448 2315 485 2349 aut
495 2313 578 2349 minimi
588 2313 688 2351 facienda
699 2317 731 2351 est
741 2324 801 2350 3333-

47 2362 116 2399 ratior
134 2364 171 2400 illa
190 2368 255 2412 atque
272 2365 361 2403 uberior
378 2378 461 2413 rerum,
480 2379 535 2415 quae
553 2368 677 2414 creduntur,
700 2368 801 2417 cognitio,

1 2448 3 2461 ,
48 2421 69 2452 et-
83 2416 180 2464 ipsorum
194 2419 247 2456 iidei
262 2421 422 2468 mysteriorum
441 2422 513 2469 quoad
527 2421 578 2459 fieri
593 2426 669 2470 potest,
689 2423 801 2470 aliquanto

48 2469 140 2506 lucidior
155 2472 304 2521 intelligentia,
321 2486 386 2522 quam
401 2475 535 2523 Augustinus
549 2476 628 2523 aliique
639 2477 715 2513 Patres
726 2480 747 2513 et
757 2477 802 2513 lau—

49 2523 128 2561 darunt
138 2529 158 2561 et
168 2528 253 2574 assequi
263 2529 399 2576 studuerunt,
410 2541 517 2577 quamque
526 2530 803 2579 133311311333383113111135

115 2646 118 2662 ¹
132 2642 169 2683 Sap.
181 2644 223 2683 Xlll,
237 2648 250 2677 l,
318 2646 377 2678 2'llrid.
390 2651 405 2679 ι’),
472 2651 479 2667 ³
490 2647 505 2678 11
517 2648 560 2679 Petr,
572 2647 584 2687 l,
597 2652 623 2680 lo'.

113 2690 119 2706 ⁴
132 2687 187 2718 tlonst.
199 2687 255 2728 dogm.
268 2689 288 2720 de
299 2689 335 2721 Fid.
348 2690 401 2724 nath..
414 2701 449 2731 (rap⁴
462 2695 477 2722 11.
544 2690 619 2723 503331.
632 2692 664 2731 cit,
677 2702 713 2733 cap.
725 2696 740 2724 l.
