1846 3062
349 133 455 174 QUAESTIO
467 133 482 165 ll
504 134 644 167 ARTIGULUSI

186 230 240 265 Circa
258 230 375 263 universalia
394 238 441 263 vero
452 230 522 272 priato
538 231 700 265 considerandum
716 234 745 266 est
760 232 784 266 de
798 232 836 265 illis
851 232 871 265 in

120 284 223 326 communi,
235 284 321 318 secundo
333 284 357 317 (le
369 283 438 317 iisdem
450 284 470 316 iu
482 284 598 326 particulari.

187 338 241 372 Circa
252 337 338 379 primum
351 338 421 371 horum
433 342 555 380 quaeruntur
567 342 656 381 quatuor.

218 392 293 424 Primo:
306 392 330 424 de
342 391 455 425 definitione
467 392 589 426 universalis.

218 445 316 478 Secundo:
329 448 396 478 utrum
407 445 518 479 universale
530 446 555 478 sit
567 456 578 479 a
589 450 644 488 parte
656 447 689 480 rei.

217 498 291 531 Tertio:
303 501 369 531 utrum
382 498 493 532 universale
505 499 530 532 sit
540 499 618 532 realiter
630 503 741 542 separatum
750 510 761 533 a
770 500 873 542 singulari—

250 552 292 585 bus.

217 604 300 642 Quarto:
313 605 336 638 de
348 614 431 638 numero
442 605 588 638 universalium.

390 766 511 799 ARTICULUS
522 765 602 799 PRIMUS

219 865 278 894 UTRUM
293 865 410 895 UNIVERSALE
424 866 482 896 tmere
497 866 613 895 oaermmua
626 868 638 895 A
652 867 772 905 Pllltoaoeac,

358 921 407 955 QUOD
422 921 450 950 SIT
465 921 517 950 Uilllli
531 922 551 949 m
565 922 633 951 MULTIS

120 1028 159 1099 Au
171 1027 233 1048 rmum
245 1027 269 1049 su:
280 1027 385 1050 rucnsuuuu.
408 1018 490 1051 Videtur
502 1019 554 1060 quod
566 1018 676 1052 universale
691 1029 730 1053 non
742 1022 793 1053 recte
805 1020 873 1054 defiui—

161 1075 205 1104 atur
218 1081 228 1104 a
243 1071 366 1113 Philosoplro,
382 1072 435 1114 qnod
450 1071 474 1106 sit
488 1082 548 1105 unum
563 1072 583 1105 in
596 1072 668 1107 multis.
691 1073 742 1106 Dicit
756 1074 806 1107 enim
819 1074 871 1107 idem

120 1124 250 1166 Philosophus
264 1128 272 1158 1
282 1125 390 1159 Pcrc'ltevm.
403 1135 417 1158 c.
426 1128 436 1159 5
444 1128 463 1159 et
472 1128 486 1167 7,
499 1126 551 1168 quod
563 1126 673 1160 universale
686 1130 715 1160 θεῖ
727 1130 797 1160 natura
808 1128 871 1161 realis.

120 1178 157 1212 Sed
166 1178 219 1211 nulla
227 1179 285 1211 datur
293 1181 363 1211 natura
371 1178 433 1220 realis,
446 1189 495 1221 quae
504 1179 529 1212 sit
536 1189 575 1212 una
583 1179 602 1213 in
611 1179 677 1213 multis
682 1191 687 1221 ς
699 1190 738 1213 non
750 1181 802 1213 enim
814 1181 873 1214 datur

118 1241 157 1265 una
168 1232 284 1273 humanitas,
297 1242 346 1274 quae
358 1232 383 1266 sit
394 1232 415 1265 in
423 1233 481 1266 Petro
492 1235 511 1266 et
519 1233 585 1266 Paulo.
603 1233 657 1276 Ergo
668 1233 779 1267 universale
790 1244 830 1267 non
842 1237 873 1267 est

118 1285 165 1327 quid
177 1295 238 1318 unum
250 1285 270 1318 iu
282 1285 354 1319 multis.

183 1340 198 1372 2.
222 1339 327 1378 Puunrunun,
348 1339 453 1373 secundum
472 1340 554 1373 eundem
572 1339 713 1381 Philosophum
731 1342 741 1374 6
758 1340 871 1382 Metapltya

118 1402 133 1425 c.
142 1393 163 1425 13
171 1393 281 1425 universale
293 1392 391 1433 definitur,
402 1393 455 1434 quod
467 1393 492 1425 sit
500 1395 567 1433 aptum
575 1392 640 1425 inesse
648 1393 720 1426 multis.
741 1393 796 1431 Quod
806 1396 870 1426 autem

118 1448 148 1478 est
159 1445 201 1486 tale,
213 1454 252 1477 non
265 1454 342 1486 semper
354 1448 384 1478 est
395 1454 456 1477 unum
468 1445 488 1477 111
499 1444 571 1478 multis.
593 1446 646 1487 Ergo
654 1446 764 1478 universale
771 1455 810 1478 non
820 1448 872 1479 recte

118 1498 216 1539 definitur,
228 1498 281 1540 quod
294 1498 319 1531 sit
330 1507 390 1531 unum
402 1498 422 1530 111
434 1497 505 1531 multis.

155 1557 157 1561 ’
184 1553 199 1586 3.
206 1552 311 1589 Panamara
318 1561 374 1585 omne
381 1551 512 1594 praedicatum
519 1551 659 1594 multiplicatur
663 1553 687 1585 ad
693 1552 871 1594 multiplicationem

119 1605 259 1647 subiectoruu13
272 1615 340 1639 vermn
353 1605 405 1639 euim
417 1608 447 1640 θεῖ
458 1605 526 1648 dicere,
539 1606 592 1649 quod
603 1606 662 1640 homo
674 1610 693 1640 et
704 1616 767 1649 equus
779 1607 871 1641 suntduo

118 1660 213 1695 animalia.
234 1661 272 1695 Sed
281 1661 391 1695 universale
403 1664 433 1695 θεῖ
441 1661 539 1704 quoddam
551 1661 688 1704 praedicatum,
701 1662 753 1705 quod
766 1662 836 1697 dicitur
847 1662 872 1697 de

119 1717 191 1751 multis.
215 1717 268 1760 Ergo
283 1716 394 1750 universale
411 1716 550 1759 multiplicatur
565 1718 589 1751 ad
605 1717 783 1761 multiplicationem
799 1718 872 1753 subiec-

119 1776 189 1814 torum
202 1772 225 1806 de
238 1772 309 1815 quibus
321 1771 449 1813 praedicatur,
461 1775 480 1805 et
492 1771 519 1805 sic
530 1781 570 1806 uon
582 1772 618 1806 erit
630 1782 691 1806 unum
702 1772 722 1806 111
734 1772 806 1807 multis.

183 1830 199 1862 4.
215 1828 320 1864 Pitumnum,
338 1829 407 1860 natura
424 1827 490 1861 divina
507 1829 536 1860 θεῖ
553 1836 591 1860 una
608 1826 628 1859 111
643 1826 715 1869 multis,
731 1827 751 1860 111
766 1827 830 1861 tribus
846 1837 872 1862 sc.

118 1882 208 1924 personis
221 1882 297 1916 divinis,
322 1882 359 1915 sed
371 1884 441 1915 natura
453 1881 520 1916 diviua
531 1890 570 1926 non
582 1884 612 1914 est
623 1880 745 1915 universalis.
766 1881 819 1925 Ergo
830 1881 873 1915 uni-

118 1937 193 1971 versale
205 1946 244 1970 non
256 1939 286 1970 θεῖ
298 1946 359 1970 unum
370 1936 390 1970 in
403 1936 475 1970 multis.

184 2002 218 2035 Suu
233 2012 296 2034 CONTRA
310 2012 338 2033 nsr
353 2001 406 2043 quod
421 2001 552 2043 Philosophus
567 2001 661 2035 2Postev:
678 2010 692 2034 c,
710 2002 729 2034 11
746 2001 814 2034 definit
830 2000 872 2034 uni—

119 2055 199 2097 versale,
212 2056 264 2097 quod
277 2059 306 2088 θεῖ
317 2064 378 2088 unum
390 2055 410 2087 in
422 2054 494 2087 multis.

184 2120 282 2152 Rasroruso
290 2129 369 2150 nmmum
377 2120 430 2161 quod
438 2118 548 2151 universale
554 2118 625 2150 dicitur
632 2118 746 2160 dupliciter.
762 2118 804 2151 Uno
813 2118 872 2151 modo

119 2174 164 2215 ipsc
170 2176 252 2215 catara
263 2173 293 2205 cui
301 2172 408 2205 intellectus
415 2175 496 2213 propter
502 2170 575 2212 aliquid
581 2170 601 2203 in
608 2179 629 2203 ea
635 2170 736 2203 inventum
745 2170 871 2204 intentionem

117 2225 269 2259 universalitatis
278 2225 371 2258 attribuit.
383 2225 408 2257 Et
416 2225 444 2257 sic
451 2223 574 2264 universalia,
582 2232 631 2264 quae
639 2232 704 2255 rerum
714 2225 804 2256 naturam
813 2224 872 2265 signi-

116 2279 181 2321 ficant,
193 2278 330 2321 praedicantur
338 2278 360 2311 in
369 2278 423 2320 quid.
442 2277 519 2310 Animal
527 2286 610 2318 namque
619 2275 689 2309 dicitur
698 2276 806 2310 substantia
813 2276 871 2319 illius,

118 2334 141 2366 de
153 2343 192 2375 quo
204 2333 332 2375 praedicatur,
347 2335 366 2365 et
377 2333 518 2374 consequenter
530 2341 569 2364 non
581 2335 610 2364 est
622 2341 682 2364 unum
694 2330 714 2363 in
726 2331 798 2364 multis
821 2331 871 2364 Nam

117 2390 187 2422 natura
204 2387 360 2430 praedicatorum
377 2395 454 2429 semper
470 2384 609 2428 multiplicatur
624 2384 757 2428 multiplicatis
774 2385 871 2421 subiectis.

118 2443 173 2478 Unde
185 2445 233 2487 quot
245 2446 291 2477 sunt
302 2442 396 2484 animalia,
412 2445 440 2476 tot
452 2444 498 2477 sunt
510 2441 635 2484 substantiae,
647 2445 666 2475 et
677 2444 725 2485 quot
737 2441 830 2485 homines,
843 2444 872 2476 tot

118 2498 212 2532 animalia.
231 2498 278 2533 illio
287 2498 345 2532 modo
359 2497 429 2532 dicitur
441 2496 551 2531 universale
562 2496 595 2530 illa
607 2499 682 2538 natura,
694 2499 716 2530 ut
729 2497 796 2531 subest
808 2497 872 2531 inten-

119 2552 171 2586 tioni
180 2552 342 2587 cniccrscl'tctis
351 2552 368 2585 ei
377 2552 401 2586 ab
413 2551 511 2585 intellectu
526 2551 614 2593 tributae,
626 2551 679 2594 quod
691 2554 721 2585 est
732 2551 818 2594 accipere
829 2551 871 2585 11111-

118 2607 194 2640 versale
202 2607 320 2641 forvaclttcr,
344 2607 393 2639 Nam
405 2610 475 2639 natura
486 2607 550 2647 potest
562 2605 686 2647 considerari,
700 2605 805 2639 secundum
818 2606 871 2647 quod

118 2663 148 2694 est
165 2660 185 2693 in
202 2660 307 2702 intellectu;
331 2664 350 2694 et
370 2663 450 2694 naturae
472 2658 499 2693 sic
520 2661 608 2702 sumptae
629 2659 708 2694 advenit
728 2659 872 2702 universalitas,
