1846 3062
321 130 428 169 QUAESTIO
439 131 462 162 IX
484 131 606 163 ARTICULUS
617 131 640 162 llI
832 122 857 159 75

102 227 123 262 in
135 225 249 263 substantia.
272 226 321 261 Nam
334 226 431 271 signifieat
443 227 535 262 decidens
546 226 650 262 inhaerens
663 225 783 262 substantiae
797 226 818 260 in
829 236 858 260 re-

104 286 170 325 speetn
186 284 213 317 ad
228 284 321 317 alteram.
345 282 375 317 Sie
390 282 447 325 enirn,
463 292 506 317 enm
522 282 601 317 dieitur:
619 284 677 318 homo
693 285 722 318 est
737 286 797 326 pater,
812 283 858 326 qnia

102 337 225 378 praedicatur
240 339 340 378 respeetns
357 337 419 378 realis,
437 337 471 379 qui
486 337 537 370 inest
552 337 579 369 illi
593 338 618 370 ad
633 337 705 380 aliquid
720 338 857 378 extrinsecum,

103 389 200 432 signifieat
208 399 251 423 esse
260 390 285 423 ad
293 390 385 430 alterum,-
395 390 447 431 quod
456 393 486 423 est
494 399 534 423 esse
541 391 654 424 relationis.
670 391 725 424 Unde
732 391 858 424 manifestum

102 445 137 484 est,
150 442 203 484 quod
214 441 281 476 relatio
294 442 394 475 constituit
406 443 556 476 determinatum
568 452 635 484 genus.

167 520 195 554 An
206 530 314 553 intramnensi
325 529 367 552 nnio
379 530 459 553 nieannnn
470 519 523 563 qnod
535 519 602 554 relatio
614 519 672 555 hahet
683 529 707 554 ex
715 522 805 564 respectu
813 519 858 554 rati-

103 584 160 609 onem
172 575 255 617 generis,
267 585 292 608 ex
304 585 361 609 eausa
373 585 420 609 uero
432 575 490 609 habet
502 584 545 609 esse
557 575 613 608 reale.

365 766 487 800 anthemus
499 766 591 800 TERTIUS

130 857 191 885 urhun
205 857 300 885 DEFlh'lTlO
315 856 427 885 anthemius
441 857 628 886 Pnnnnlcnnnnmms
640 856 668 885 SIT
680 857 738 886 RECTE
749 857 831 885 unauna

103 949 142 1020 Aa
153 950 223 972 ananan
234 949 257 971 Sic
269 950 375 972 rnocaonna.
393 940 475 973 Videtur
487 941 539 982 quod
550 950 589 973 non
598 940 623 973 sit
632 944 683 973 reete
691 941 762 973 tradita
770 940 857 973 definitio

143 992 242 1026 relationis
257 993 446 1035 praedicamentalis:
464 993 519 1027 onius
536 1002 579 1026 esse
595 996 624 1026 est
639 994 663 1027 ad
678 993 730 1026 aliud
746 1002 766 1026 se
781 994 858 1027 habere,

103 1049 152 1083 Nam
164 1058 208 1083 enm
220 1048 286 1083 relatio
300 1047 324 1083 sit
339 1048 432 1091 aeoidens,
447 1047 488 1083 eins
504 1057 546 1083 esse
559 1050 588 1082 est
600 1047 669 1083 inesse.
693 1047 731 1083 Sed
742 1047 806 1082 inesse
818 1058 858 1082 non

103 1107 133 1138 est
144 1105 168 1138 ad
180 1104 232 1137 alind
245 1113 265 1137 se
277 1104 353 1138 hahere.
378 1104 430 1146 Ergo
443 1113 482 1137 non
494 1106 545 1137 reete
557 1103 655 1137 definitur.

169 1179 202 1211 San
214 1188 277 1209 conani
289 1188 316 1210 ass
331 1178 435 1211 auotoritas
448 1179 562 1219 Philosophi
576 1179 687 1212 definientis
698 1180 718 1211 in
731 1179 857 1212 Praedteam.

103 1240 117 1264 o.
130 1233 144 1272 7,
163 1231 215 1273 quod
231 1232 259 1264 ad
274 1232 355 1273 attenta
371 1234 421 1272 sunt,
439 1230 511 1273 quibus
526 1232 562 1264 hoe
576 1231 641 1273 ipsum
656 1234 686 1264 est
697 1241 750 1264 esse:
767 1232 791 1264 ad
806 1231 858 1264 aliud

104 1294 124 1319 se
136 1285 212 1319 hahere.

169 1364 266 1397 Responsio
278 1374 358 1396 nicenam
369 1364 422 1406 qnod
433 1365 484 1397 reete
493 1363 614 1397 definiuntur
622 1363 711 1397 relativa:
725 1373 810 1406 qaorum
819 1373 859 1397 esse

103 1420 131 1450 est
149 1418 176 1450 ad
194 1417 254 1450 alited
269 1428 289 1450 se
304 1418 382 1451 tabere.
405 1418 454 1450 Nam
469 1417 505 1450 hae
519 1417 631 1450 definitione
646 1417 744 1459 qnidditas
758 1417 858 1450 relationis

104 1469 230 1511 significatur,
242 1470 288 1511 quia
299 1469 342 1511 ipsa
353 1473 423 1502 natura
435 1470 539 1510 relationis,
551 1479 587 1511 per
596 1479 655 1511 quam
663 1469 788 1503 eonstitnitnr
796 1470 816 1502 in
825 1469 859 1502 tali

103 1532 179 1564 genere,
193 1524 223 1556 est
235 1522 259 1555 ad
271 1521 323 1555 alind
335 1521 410 1555 reterri.
433 1521 457 1554 In
468 1521 511 1554 aliis
523 1522 574 1554 enirn
587 1522 697 1564 generibus,
713 1525 735 1554 nt
746 1522 858 1563 quantitate,

103 1576 195 1621 qualitate
207 1578 225 1611 et
234 1575 335 1619 similibus,
347 1575 427 1620 propria
439 1574 488 1611 ratio
500 1575 578 1620 generis
590 1575 683 1620 aeeipitnr
693 1575 800 1610 seeundum
809 1584 859 1609 eom-

103 1633 223 1676 parationem
232 1632 383 1667 crastinantem.
396 1632 445 1666 Nam
451 1632 549 1674 quantitas
557 1631 627 1666 dieitur
634 1642 726 1667 mensura
733 1631 858 1674 substantiae,

103 1687 186 1729 qualitas
198 1686 245 1721 vero
258 1686 360 1728 dispositio
375 1687 468 1721 eiusdem.
492 1686 530 1720 Sed
545 1686 594 1721 ratio
611 1687 692 1729 propria
706 1686 805 1720 relationis
819 1696 859 1720 non

103 1740 195 1781 accipitur
205 1740 311 1773 seeundum
320 1740 484 1780 comparationem
493 1740 517 1772 ad
525 1740 579 1780 illud,
588 1741 608 1772 in
617 1749 656 1782 quo
665 1743 699 1781 est,
709 1741 742 1773 sed
752 1740 859 1781 seeundum

104 1792 267 1834 comparationem
280 1793 307 1825 acl
323 1792 404 1834 aliqlttd
419 1795 479 1825 entra.
503 1792 558 1825 Unde
573 1795 631 1833 patet,
646 1793 699 1834 quod
713 1795 764 1825 recte
779 1792 859 1825 definita

103 1849 133 1881 est
144 1845 217 1881 relatio.

168 1902 197 1936 Ad
214 1901 360 1945 intelligentiam
378 1911 425 1936 vero
442 1901 500 1936 huius
518 1901 637 1936 definitionis
653 1901 766 1945 notandum,
782 1900 857 1945 primo,

103 1957 156 1999 quod
168 1957 263 2000 quaedam
276 1959 321 1990 sunt
332 1957 413 1990 relativa
427 1958 536 1991 seeundum
552 1967 591 1991 esse
605 1960 624 1990 et
639 1958 734 1999 quaedam
749 1957 859 1991 seeaadam

103 2011 150 2044 diei.
175 2011 224 2044 Sunt
239 2010 290 2043 enim
306 2011 407 2052 quaedam
421 2010 506 2051 relativa,
525 2020 574 2052 qnae
590 2012 614 2044 de
633 2021 668 2044 sno
684 2011 786 2052 principali
801 2011 860 2053 signi-

103 2062 160 2096 fieato
178 2062 289 2105 significant
305 2065 416 2104 respectum
434 2063 458 2095 ad
475 2063 539 2100 alium,
557 2063 648 2104 imposita
666 2064 690 2096 ad
709 2063 859 2105 significandum

103 2115 156 2158 ipsas
169 2115 292 2150 habitudines
304 2115 401 2157 relativas,
413 2118 435 2149 ut
446 2115 537 2149 dominns
550 2118 568 2149 et
577 2125 653 2157 servus,
665 2119 721 2158 pater
729 2119 748 2149 et
755 2116 814 2150 iilius.
835 2117 860 2149 Et

103 2172 150 2207 haee
166 2171 233 2207 relatio
251 2171 321 2207 dieitur
338 2171 406 2207 relatio
423 2171 529 2206 seeundum
546 2181 590 2207 esse
608 2181 643 2206 sen
656 2171 859 2216 praedicamentalis.

106 2227 210 2268 Quaedam
220 2237 267 2262 vero
276 2231 322 2261 sunt
329 2227 420 2270 imposita
429 2228 454 2262 ad
463 2227 601 2271 significandas
610 2238 648 2270 res,
657 2238 706 2271 quas
713 2230 859 2271 consequuntur

104 2283 199 2323 quaedam
215 2282 345 2319 habitudines,
363 2285 381 2315 et
398 2282 422 2315 de
440 2291 476 2316 sno
493 2282 595 2323 principali
612 2283 721 2324 significato
737 2282 803 2316 dieunt
817 2293 859 2316 rem

103 2334 183 2367 alterins
197 2335 353 2376 praedicamenti,
369 2335 483 2368 secundario
498 2338 562 2368 autem
578 2336 644 2368 dieunt
659 2336 772 2369 relationem
785 2346 819 2369 seu
831 2346 860 2369 re-

104 2389 200 2428 spectum3
220 2387 269 2420 sieut
288 2387 367 2420 seientia
380 2388 404 2420 de
420 2397 455 2421 sno
469 2387 571 2429 principali
586 2388 695 2430 significato
711 2388 757 2420 dicit
771 2388 859 2421 habitum

103 2440 177 2476 animae
190 2443 208 2475 et
221 2440 248 2476 sie
259 2443 289 2476 est
300 2440 320 2475 in
332 2440 396 2485 prima
408 2441 471 2485 speeie
483 2440 586 2485 qualitatis,
602 2441 717 2475 seeundario
734 2444 798 2474 autem
814 2440 860 2474 dicit

103 2500 212 2541 respeotnm
226 2498 250 2532 ad
262 2497 333 2533 scibile.
355 2498 379 2532 Et
391 2498 437 2533 haee
449 2497 516 2532 relatio
528 2501 558 2532 est
570 2498 637 2533 relatio
650 2497 756 2533 seeundum
769 2497 806 2533 diei
818 2496 860 2533 sive

104 2553 293 2587 trcazseeadeatalts.

169 2606 265 2647 Seeaado,
284 2607 352 2640 relatio
370 2609 399 2640 est
415 2606 446 2640 vel
463 2607 526 2640 realis
542 2607 573 2639 vel
588 2608 697 2640 secandam
712 2607 814 2641 rationem
829 2608 860 2641 rel

103 2659 161 2691 etiam
172 2659 240 2692 mista.
262 2660 311 2693 Cum
323 2659 374 2692 enirn
387 2659 454 2691 relatio
466 2659 553 2700 requirat
564 2659 603 2691 dno
615 2662 707 2700 extrema,
721 2660 831 2701 triptieiter
839 2670 860 2693 se
