1846 3062
236 152 343 193 Quansrio
354 153 369 184 ll
391 152 513 185 hartuinus
524 153 547 184 lll

278 311 399 344 anticanus
411 312 502 344 TERTIUS

105 409 167 436 urhun
181 408 303 442 uuivunsnnu,
319 408 417 437 SECUNDUM
432 408 480 442 QUOD
495 410 527 437 nst
542 410 554 437 al
568 409 627 437 PARTE
642 409 679 439 nui,

174 461 202 490 sir
216 461 308 489 nuntiauit
323 462 433 490 snranarun
448 463 459 489 A
474 462 610 491 slucunnutbbs

47 562 57 582 u
69 559 138 582 rrnnuu
150 559 173 581 s1c
185 558 290 581 euocannuu.
313 548 394 583 Videtur
406 549 459 592 quod
467 549 576 584 universale
589 550 614 584 sit
626 549 703 585 realiter
716 559 770 593 sepa·

18 563 45 637 Α
58 608 122 638 ratum
137 614 148 637 a
161 603 298 646 singularibus.
322 603 372 637 Dicit
386 604 438 637 enim
453 604 583 648 Philosophus
599 607 609 638 2
624 606 697 639 Foster.
713 615 727 639 c.
743 606 769 645 19,

17 661 70 705 quod
82 658 192 693 universale
207 660 237 692 est
252 668 313 692 unum
328 661 405 701 praeter
420 659 485 693 multa.
509 659 547 693 Sed
562 660 614 702 quod
629 663 659 693 est
673 660 715 701 tale,
731 669 770 693 non

18 717 48 750 est
59 713 136 746 realiter
147 712 168 745 in
179 712 251 754 multis,
267 712 301 745 sed
317 714 347 745 est
362 714 473 754 separatum
489 715 513 746 ab
527 713 571 747 illis.
595 714 648 756 Ergo
660 713 770 747 universale

18 778 57 802 non
69 770 99 800 est
110 766 187 799 realiter
199 765 219 798 in
231 765 303 807 inultis,
316 766 350 799 sed
362 769 393 799 est
405 770 516 808 separatum
528 768 552 801 ab
564 766 608 800 illis.

84 822 99 853 2.
113 819 219 858 Pacarium,
234 819 298 853 omnia
314 819 412 853 sensibilia
427 824 580 862 corrumpuntur
592 824 610 854 et
623 824 668 854 sunt
680 821 700 854 in
712 824 771 855 motu,

19 875 57 909 Sed
69 872 187 906 universalia
200 875 245 905 sunt
256 872 411 914 incorruptibilia
423 873 441 906 et
453 874 564 908 immobilia.
588 875 641 917 Ergo
653 874 772 908 universalia

19 937 59 961 uon
71 928 117 959 sunt
129 926 206 959 realiter
218 926 261 967 ipsa
273 925 384 968 singularia,
397 927 431 961 sed
444 930 533 969 separata
544 929 568 961 ab
580 927 624 961 illis.

86 990 119 1023 San
137 999 200 1021 eburna
216 1000 244 1021 nsr
261 990 314 1031 quod
329 989 460 1032 Philosophus
477 992 491 1031 1,
504 992 514 1023 3
526 993 544 1023 et
556 993 566 1024 7
578 991 690 1033 cretaceus.
706 994 773 1025 contra

21 1044 121 1078 Platonem
135 1042 179 1076 fuse
198 1043 273 1084 probat,
293 1042 414 1085 impossibile
432 1053 480 1085 esse,
501 1043 619 1078 universalia
637 1054 680 1078 esse
695 1045 773 1078 realiter

22 1100 111 1140 separata
123 1106 134 1130 a
146 1096 285 1140 singularibus.

87 1164 186 1197 Rasrornao
197 1173 277 1196 nicarum
292 1164 344 1207 quod
356 1163 474 1198 universalia
486 1173 525 1209 non
538 1167 583 1199 sunt
595 1165 672 1200 realiter
685 1169 774 1209 separata

22 1231 32 1255 a
45 1218 183 1262 singularibus,
194 1221 216 1252 ut
228 1218 289 1253 voluit
298 1219 358 1261 Plato,
371 1220 405 1253 sed
417 1221 492 1253 tantum
505 1221 612 1254 secundum
624 1221 718 1254 rationem
731 1221 774 1255 abs·

23 1275 131 1308 trahentem
150 1273 259 1307 communia
277 1283 288 1306 a
303 1273 395 1317 propriis.
418 1274 478 1309 Grrius
497 1274 584 1308 veritatis
604 1275 734 1309 manifestatio
750 1285 775 1309 ex

22 1329 88 1364 tribus
99 1337 193 1370 apparere
208 1330 277 1370 potest.

89 1383 113 1415 Et
127 1382 196 1424 primo
216 1381 295 1424 quidem
309 1391 334 1415 ex
349 1391 377 1423 eo,
395 1381 448 1424 quod
463 1382 491 1415 cd
506 1382 587 1416 netellam
604 1392 676 1425 cortem,
694 1386 775 1426 propter

23 1446 72 1477 quae
84 1438 189 1478 ponuntur,
204 1436 322 1469 universalia
335 1435 362 1470 sic
374 1437 463 1478 separata
476 1438 521 1469 sunt
532 1436 646 1470 necessaria.
669 1437 712 1470 Non
724 1437 775 1470 enim

24 1493 104 1532 propter
110 1490 220 1531 scientiore,
231 1498 280 1531 quae
288 1490 312 1523 ab
321 1489 359 1522 illis
368 1491 467 1530 causetur3
477 1488 522 1531 quia
531 1489 615 1532 cognitio
623 1490 776 1532 uniuscuiusque

24 1543 124 1584 perficitur
135 1552 171 1584 per
179 1542 309 1584 cognitionem
322 1551 368 1576 suae
381 1542 505 1584 substantiae,
518 1545 537 1575 et
548 1553 587 1576 non
599 1552 634 1584 per
647 1544 776 1585 coguitionem

26 1595 145 1629 substantiae
161 1587 281 1638 separataef‘
288 1595 362 1628 Deinde
376 1604 438 1637 neque
453 1595 556 1628 conterunt
570 1597 630 1629 rebus
646 1596 777 1636 sensibilibus,

25 1650 46 1680 ut
59 1648 97 1681 sint
110 1648 234 1690 exemplatio
245 1657 318 1681 earum.
340 1648 388 1680 Nam
401 1648 500 1688 exemplar
515 1652 549 1688 est,
565 1649 589 1682 ad
603 1650 656 1690 quod
671 1649 777 1690 respiciens

25 1700 95 1734 artilex
109 1700 154 1734 iacit
169 1699 241 1743 aliquid
256 1700 283 1733 illi
298 1700 365 1734 simile.
389 1700 427 1734 Sed
442 1710 501 1743 agens
513 1702 606 1744 naturale,
621 1712 665 1736 cunr
680 1705 777 1745 operatur,

26 1764 65 1788 uon
82 1755 161 1796 respicit
178 1754 238 1788 ullum
256 1755 360 1796 exemplar,
376 1754 447 1797 alioqui
464 1758 583 1797 sequeretur,
602 1756 654 1797 quod
670 1755 718 1788 nihil
735 1765 779 1798 pro-

26 1809 130 1844 duceretur
142 1809 204 1844 simile
220 1808 284 1853 agenti
299 1808 394 1852 proximo,
411 1809 445 1844 sed
459 1812 535 1844 tantum
549 1813 629 1853 remoto,
646 1810 699 1854 quod
714 1813 778 1844 tamen

25 1868 56 1899 est
71 1866 148 1900 falsum.
163 1861 238 1914 ,tueque
253 1865 355 1900 conferunt
372 1866 431 1900 rebus
447 1864 572 1900 sensibilibus
591 1865 640 1900 sicut
655 1875 722 1900 earum
734 1866 778 1901 szto-

26 1922 125 1962 stcuttoa·
137 1920 183 1963 quia
191 1919 312 1963 impossibile
320 1923 355 1957 est.
368 1920 455 1963 separari
464 1920 593 1954 substantiam
603 1921 664 1963 abeo,
677 1921 731 1955 cuius
744 1923 779 1955 est.

27 1976 76 2009 Nam
89 1975 191 2010 cuiuslibet
202 1975 230 2009 rei
243 1975 351 2009 substantia
363 1977 393 2008 est
401 1975 421 2008 in
430 1984 457 2016 eo,
470 1974 524 2008 cuius
536 1978 566 2009 est
579 1975 693 2009 substantia.
713 1977 779 2017 Neque

27 2033 127 2072 postremo
139 2030 242 2063 conterunt
254 2029 278 2063 ad
290 2029 367 2063 illarum
380 2029 426 2063 ficri
438 2031 456 2062 et
468 2039 511 2070 csse,
525 2031 625 2072 tamquam
638 2039 707 2064 causae
719 2030 780 2064 fiendi

29 2087 47 2117 et
62 2084 145 2118 essendi.
168 2083 235 2118 Posita
250 2083 301 2118 enim
318 2093 376 2117 causa
393 2082 472 2125 ponitur
489 2083 580 2125 effectus,
600 2084 634 2117 sed
651 2084 780 2118 existentibus

29 2138 130 2179 speciebus
142 2148 181 2171 non
193 2140 274 2180 propter
286 2138 322 2170 hoc
333 2138 384 2170 fiunt
395 2137 496 2171 individua
508 2137 643 2180 participantia
652 2138 730 2180 species,
743 2138 781 2171 nisi

29 2191 54 2223 sit
66 2192 144 2234 aliquod
156 2191 257 2233 motivum,
269 2192 322 2233 quod
333 2194 411 2224 moveat
422 2191 446 2224 ad
459 2190 547 2232 speciem.

95 2245 186 2279 Secundo
198 2246 293 2286 probatur
306 2244 499 2286 ectanpossibtlttctc
508 2244 624 2285 positionis.
644 2246 693 2278 Nam
705 2245 782 2278 univer-

30 2298 69 2330 sale
84 2300 114 2331 est
128 2298 175 2339 quid
190 2307 291 2330 commune
306 2297 373 2331 multis
388 2301 406 2330 et
421 2307 481 2330 unum
496 2297 516 2329 in
531 2297 603 2330 inultis.
627 2297 664 2330 Sed
682 2298 734 2338 quod
752 2300 782 2329 est

30 2350 107 2383 realiter
119 2353 230 2392 separatum
242 2360 253 2383 a
265 2350 336 2391 multis,
351 2360 391 2383 non
405 2352 472 2392 posset
487 2358 530 2382 esse
545 2359 647 2382 eonunune
659 2352 677 2383 et
689 2358 750 2382 unum
762 2349 782 2381 iu

30 2401 73 2444 illis,
85 2406 107 2436 ut
118 2406 176 2445 patet.
197 2404 246 2437 Nam
258 2404 304 2437 haec
316 2404 355 2437 duo
367 2404 502 2446 opponuntur,
516 2411 559 2436 esse
571 2401 644 2444 aliquid
656 2402 676 2435 in
688 2402 752 2444 aliquo
764 2405 783 2435 et

30 2465 73 2490 esse
86 2458 162 2491 realiter
175 2460 286 2500 separatum
298 2459 322 2491 ab
334 2458 372 2490 illo.

98 2512 163 2547 Tertio
179 2513 274 2556 probatur
289 2522 310 2547 ec
322 2512 412 2547 falsitate
424 2511 556 2555 cttzuameact,
575 2520 614 2555 quo
629 2510 697 2545 nititur
712 2510 783 2554 positio

32 2566 124 2602 Platonis.
147 2569 194 2603 ldeo
210 2568 261 2602 enirn
273 2568 338 2611 posuit
350 2567 468 2602 universalia
479 2576 522 2601 esse
535 2566 654 2601 substantias
666 2566 744 2601 realiter
757 2577 785 2601 se·

32 2626 110 2664 paratas
122 2634 133 2657 a
146 2623 283 2667 singularibus,
299 2624 349 2667 quia,
364 2634 408 2658 cum
422 2622 546 2663 enistimaret,
562 2631 639 2655 omnent
654 2622 784 2665 cognitionem

32 2679 70 2718 per'
79 2679 159 2713 modum
168 2678 269 2712 cuiusdam
278 2678 410 2712 similitudinis
418 2687 466 2715 esse,
479 2676 565 2718 credidit,
577 2677 630 2718 quod
640 2676 705 2711 forma
713 2677 784 2721 cognit'

65 2742 150 2774 Englert,
160 2743 210 2768 Prima
220 2743 256 2769 Pars
265 2742 321 2769 Suuun.
331 2742 387 2768 Philus.
396 2742 410 2768 S.
419 2741 470 2767 riom.
480 2741 507 2772 Aa.
710 2733 720 2764 2
