<?xml version="1.0" encoding="UTF-8"?>
<!DOCTYPE html PUBLIC "-//W3C//DTD XHTML 1.0 Transitional//EN"
    "http://www.w3.org/TR/xhtml1/DTD/xhtml1-transitional.dtd">
<html xmlns="http://www.w3.org/1999/xhtml" xml:lang="en" lang="en">
 <head>
  <title>
</title>
<meta http-equiv="Content-Type" content="text/html;charset=utf-8" />
  <meta name='ocr-system' content='tesseract 3.04.00' />
  <meta name='ocr-capabilities' content='ocr_page ocr_carea ocr_par ocr_line ocrx_word'/>
</head>
<body>
  <div class='ocr_page' id='page_1' title='image "MN41855ucmf_7_0063.png"; bbox 0 0 1846 3062; ppageno 0'>
   <div class='ocr_carea' id='block_1_1' title="bbox 84 731 737 781">
    <p class='ocr_par' dir='ltr' id='par_1_1' title="bbox 84 731 737 781">
     <span class='ocr_line' id='line_1_1' title="bbox 84 731 737 781; baseline 0.002 -1"><span class='ocrx_word' id='word_1_1' title='bbox 84 731 232 780; x_wconf 77' lang='lat' dir='ltr'>SUMMAE</span> <span class='ocrx_word' id='word_1_2' title='bbox 252 731 607 781; x_wconf 81' lang='lat' dir='ltr'>PHILOSOPHIAEPARS</span> <span class='ocrx_word' id='word_1_3' title='bbox 626 734 737 781; x_wconf 86' lang='lat' dir='ltr'><strong>PRIMA</strong></span> 
     </span>
    </p>
   </div>
   <div class='ocr_carea' id='block_1_2' title="bbox 296 944 521 985">
    <p class='ocr_par' dir='ltr' id='par_1_2' title="bbox 296 944 521 985">
     <span class='ocr_line' id='line_1_2' title="bbox 296 944 521 985; baseline 0.004 -1"><span class='ocrx_word' id='word_1_4' title='bbox 296 944 521 985; x_wconf 80' lang='lat' dir='ltr'>PROLOGUS</span> 
     </span>
    </p>
   </div>
   <div class='ocr_carea' id='block_1_3' title="bbox 33 1095 790 2765">
    <p class='ocr_par' dir='ltr' id='par_1_3' title="bbox 36 1095 788 1165">
     <span class='ocr_line' id='line_1_3' title="bbox 36 1095 788 1165; baseline 0.004 -22"><span class='ocrx_word' id='word_1_5' title='bbox 36 1145 43 1165; x_wconf 35' lang='grc' dir='ltr'>ἢ</span> <span class='ocrx_word' id='word_1_6' title='bbox 56 1095 73 1123; x_wconf 56' lang='lat' dir='ltr'>D</span> <span class='ocrx_word' id='word_1_7' title='bbox 92 1110 223 1152; x_wconf 83' lang='lat' dir='ltr'>Philosophus</span> <span class='ocrx_word' id='word_1_8' title='bbox 235 1110 366 1154; x_wconf 73' lang='lat' dir='ltr'>lMetaphps.</span> <span class='ocrx_word' id='word_1_9' title='bbox 379 1120 394 1145; x_wconf 93' lang='lat' dir='ltr'>c.</span> <span class='ocrx_word' id='word_1_10' title='bbox 404 1113 419 1152; x_wconf 85' lang='lat'>1,</span> <span class='ocrx_word' id='word_1_11' title='bbox 431 1120 499 1145; x_wconf 88' lang='lat' dir='ltr'>omnes</span> <span class='ocrx_word' id='word_1_12' title='bbox 511 1110 600 1145; x_wconf 88' lang='lat' dir='ltr'>homines</span> <span class='ocrx_word' id='word_1_13' title='bbox 612 1114 682 1146; x_wconf 89' lang='lat' dir='ltr'>natura</span> <span class='ocrx_word' id='word_1_14' title='bbox 693 1112 745 1147; x_wconf 77' lang='lat' dir='ltr'>scire</span> <span class='ocrx_word' id='word_1_15' title='bbox 757 1112 788 1146; x_wconf 87' lang='lat' dir='ltr'>de-</span> 
     </span>
    </p>

    <p class='ocr_par' dir='ltr' id='par_1_4' title="bbox 34 1164 790 1966">
     <span class='ocr_line' id='line_1_4' title="bbox 46 1164 789 1209; baseline 0.001 -10"><span class='ocrx_word' id='word_1_16' title='bbox 46 1186 52 1191; x_wconf 62' lang='lat'>»</span> <span class='ocrx_word' id='word_1_17' title='bbox 92 1165 183 1199; x_wconf 87' lang='lat' dir='ltr'>siderant.</span> <span class='ocrx_word' id='word_1_18' title='bbox 210 1164 281 1199; x_wconf 78' lang='lat' dir='ltr'>Veram</span> <span class='ocrx_word' id='word_1_19' title='bbox 296 1167 360 1199; x_wconf 88' lang='lat' dir='ltr'>autem</span> <span class='ocrx_word' id='word_1_20' title='bbox 375 1167 405 1199; x_wconf 88' lang='lat' dir='ltr'>est</span> <span class='ocrx_word' id='word_1_21' title='bbox 419 1165 444 1205; x_wconf 74' lang='lat' dir='ltr'>id,</span> <span class='ocrx_word' id='word_1_22' title='bbox 460 1165 480 1199; x_wconf 89' lang='lat' dir='ltr'>in</span> <span class='ocrx_word' id='word_1_23' title='bbox 495 1166 548 1208; x_wconf 86' lang='lat' dir='ltr'>quod</span> <span class='ocrx_word' id='word_1_24' title='bbox 562 1165 642 1209; x_wconf 73' lang='lat' dir='ltr'>proprIe</span> <span class='ocrx_word' id='word_1_25' title='bbox 657 1167 718 1200; x_wconf 88' lang='lat' dir='ltr'>tendit</span> <span class='ocrx_word' id='word_1_26' title='bbox 734 1166 789 1201; x_wconf 90' lang='lat' dir='ltr'>intel-</span> 
     </span>
     <span class='ocr_line' id='line_1_5' title="bbox 34 1219 788 1265; baseline 0.001 -11"><span class='ocrx_word' id='word_1_27' title='bbox 34 1221 104 1261; x_wconf 86' lang='lat' dir='ltr'>leotns;</span> <span class='ocrx_word' id='word_1_28' title='bbox 117 1229 162 1253; x_wconf 87' lang='lat' dir='ltr'>nam</span> <span class='ocrx_word' id='word_1_29' title='bbox 174 1219 252 1262; x_wconf 87' lang='lat' dir='ltr'>veritas,</span> <span class='ocrx_word' id='word_1_30' title='bbox 267 1222 289 1254; x_wconf 93' lang='lat' dir='ltr'>ut</span> <span class='ocrx_word' id='word_1_31' title='bbox 300 1222 358 1263; x_wconf 74' lang='lat' dir='ltr'>patet,</span> <span class='ocrx_word' id='word_1_32' title='bbox 372 1222 403 1254; x_wconf 86' lang='lat' dir='ltr'>est</span> <span class='ocrx_word' id='word_1_33' title='bbox 416 1220 512 1254; x_wconf 85' lang='lat' dir='ltr'>terminus</span> <span class='ocrx_word' id='word_1_34' title='bbox 528 1223 547 1255; x_wconf 89' lang='lat' dir='ltr'>et</span> <span class='ocrx_word' id='word_1_35' title='bbox 558 1221 651 1264; x_wconf 78' lang='lat' dir='ltr'>perfectio</span> <span class='ocrx_word' id='word_1_36' title='bbox 666 1221 788 1265; x_wconf 76' lang='lat' dir='ltr'>cognitionis.</span> 
     </span>
     <span class='ocr_line' id='line_1_6' title="bbox 35 1274 788 1318; baseline 0.001 -9"><span class='ocrx_word' id='word_1_37' title='bbox 35 1275 90 1309; x_wconf 84' lang='lat' dir='ltr'>Unde</span> <span class='ocrx_word' id='word_1_38' title='bbox 99 1274 149 1308; x_wconf 89' lang='lat' dir='ltr'>circa</span> <span class='ocrx_word' id='word_1_39' title='bbox 156 1274 198 1308; x_wconf 88' lang='lat' dir='ltr'>eius</span> <span class='ocrx_word' id='word_1_40' title='bbox 207 1274 381 1309; x_wconf 78' lang='lat' dir='ltr'>considerationem</span> <span class='ocrx_word' id='word_1_41' title='bbox 389 1274 521 1318; x_wconf 79' lang='lat' dir='ltr'>principaliter</span> <span class='ocrx_word' id='word_1_42' title='bbox 530 1275 624 1318; x_wconf 80' lang='lat' dir='ltr'>sapientia</span> <span class='ocrx_word' id='word_1_43' title='bbox 635 1276 714 1310; x_wconf 85' lang='lat' dir='ltr'>insistit.</span> <span class='ocrx_word' id='word_1_44' title='bbox 736 1277 761 1310; x_wconf 83' lang='lat' dir='ltr'>Et</span> <span class='ocrx_word' id='word_1_45' title='bbox 768 1276 788 1309; x_wconf 89' lang='lat' dir='ltr'>in</span> 
     </span>
     <span class='ocr_line' id='line_1_7' title="bbox 35 1328 788 1372; baseline 0.003 -10"><span class='ocrx_word' id='word_1_46' title='bbox 35 1331 129 1372; x_wconf 86' lang='lat' dir='ltr'>quantum</span> <span class='ocrx_word' id='word_1_47' title='bbox 141 1329 199 1363; x_wconf 87' lang='lat' dir='ltr'>homo</span> <span class='ocrx_word' id='word_1_48' title='bbox 212 1339 233 1363; x_wconf 90' lang='lat' dir='ltr'>se</span> <span class='ocrx_word' id='word_1_49' title='bbox 244 1330 278 1363; x_wconf 88' lang='lat' dir='ltr'>dat</span> <span class='ocrx_word' id='word_1_50' title='bbox 287 1328 391 1371; x_wconf 80' lang='lat' dir='ltr'>sapientiae</span> <span class='ocrx_word' id='word_1_51' title='bbox 400 1329 470 1371; x_wconf 84' lang='lat' dir='ltr'>studio,</span> <span class='ocrx_word' id='word_1_52' title='bbox 482 1329 586 1363; x_wconf 86' lang='lat' dir='ltr'>intantum</span> <span class='ocrx_word' id='word_1_53' title='bbox 595 1340 653 1364; x_wconf 83' lang='lat' dir='ltr'>verae</span> <span class='ocrx_word' id='word_1_54' title='bbox 662 1330 788 1365; x_wconf 85' lang='lat' dir='ltr'>beatitudinis</span> 
     </span>
     <span class='ocr_line' id='line_1_8' title="bbox 34 1383 788 1428; baseline 0.003 -12"><span class='ocrx_word' id='word_1_55' title='bbox 34 1384 72 1417; x_wconf 90' lang='lat' dir='ltr'>iam</span> <span class='ocrx_word' id='word_1_56' title='bbox 84 1383 169 1425; x_wconf 86' lang='lat' dir='ltr'>aliquam</span> <span class='ocrx_word' id='word_1_57' title='bbox 180 1385 256 1426; x_wconf 88' lang='lat' dir='ltr'>partem</span> <span class='ocrx_word' id='word_1_58' title='bbox 271 1384 334 1417; x_wconf 86' lang='lat' dir='ltr'>habet.</span> <span class='ocrx_word' id='word_1_59' title='bbox 358 1383 448 1426; x_wconf 87' lang='lat' dir='ltr'>Deceptic</span> <span class='ocrx_word' id='word_1_60' title='bbox 466 1386 530 1418; x_wconf 85' lang='lat' dir='ltr'>tamen</span> <span class='ocrx_word' id='word_1_61' title='bbox 548 1386 567 1418; x_wconf 87' lang='lat' dir='ltr'>et</span> <span class='ocrx_word' id='word_1_62' title='bbox 584 1393 640 1418; x_wconf 86' lang='lat' dir='ltr'>error</span> <span class='ocrx_word' id='word_1_63' title='bbox 655 1394 726 1428; x_wconf 82' lang='lat' dir='ltr'>magna</span> <span class='ocrx_word' id='word_1_64' title='bbox 741 1394 788 1428; x_wconf 86' lang='lat' dir='ltr'>pars</span> 
     </span>
     <span class='ocr_line' id='line_1_9' title="bbox 34 1437 788 1481; baseline 0.001 -10"><span class='ocrx_word' id='word_1_65' title='bbox 34 1437 123 1472; x_wconf 84' lang='lat' dir='ltr'>miseriae</span> <span class='ocrx_word' id='word_1_66' title='bbox 135 1437 155 1471; x_wconf 91' lang='lat' dir='ltr'>in</span> <span class='ocrx_word' id='word_1_67' title='bbox 167 1437 225 1471; x_wconf 88' lang='lat' dir='ltr'>terris</span> <span class='ocrx_word' id='word_1_68' title='bbox 237 1440 276 1480; x_wconf 67' lang='lat' dir='ltr'>est3</span> <span class='ocrx_word' id='word_1_69' title='bbox 288 1438 325 1472; x_wconf 91' lang='lat' dir='ltr'>hoc</span> <span class='ocrx_word' id='word_1_70' title='bbox 336 1441 366 1472; x_wconf 87' lang='lat' dir='ltr'>est</span> <span class='ocrx_word' id='word_1_71' title='bbox 377 1438 428 1471; x_wconf 90' lang='lat' dir='ltr'>enim</span> <span class='ocrx_word' id='word_1_72' title='bbox 440 1438 493 1481; x_wconf 87' lang='lat' dir='ltr'>quod</span> <span class='ocrx_word' id='word_1_73' title='bbox 505 1448 573 1472; x_wconf 91' lang='lat' dir='ltr'>omnes</span> <span class='ocrx_word' id='word_1_74' title='bbox 582 1438 696 1472; x_wconf 80' lang='lat' dir='ltr'>naturaliter</span> <span class='ocrx_word' id='word_1_75' title='bbox 704 1438 788 1481; x_wconf 80' lang='lat' dir='ltr'>tugiunt.</span> 
     </span>
     <span class='ocr_line' id='line_1_10' title="bbox 36 1491 788 1535; baseline 0 -9"><span class='ocrx_word' id='word_1_76' title='bbox 36 1491 103 1526; x_wconf 84' lang='lat' dir='ltr'>Omnis</span> <span class='ocrx_word' id='word_1_77' title='bbox 115 1491 175 1534; x_wconf 82' lang='lat' dir='ltr'>igitur</span> <span class='ocrx_word' id='word_1_78' title='bbox 187 1492 246 1525; x_wconf 87' lang='lat' dir='ltr'>homo</span> <span class='ocrx_word' id='word_1_79' title='bbox 257 1502 268 1525; x_wconf 90' lang='lat' dir='ltr'>a</span> <span class='ocrx_word' id='word_1_80' title='bbox 280 1494 350 1525; x_wconf 87' lang='lat' dir='ltr'>natura</span> <span class='ocrx_word' id='word_1_81' title='bbox 361 1501 401 1525; x_wconf 88' lang='lat' dir='ltr'>non</span> <span class='ocrx_word' id='word_1_82' title='bbox 412 1492 534 1535; x_wconf 81' lang='lat' dir='ltr'>degenerans</span> <span class='ocrx_word' id='word_1_83' title='bbox 546 1492 647 1526; x_wconf 87' lang='lat' dir='ltr'>veritatem</span> <span class='ocrx_word' id='word_1_84' title='bbox 659 1496 711 1526; x_wconf 85' lang='lat' dir='ltr'>amat</span> <span class='ocrx_word' id='word_1_85' title='bbox 719 1495 738 1526; x_wconf 87' lang='lat' dir='ltr'>et</span> <span class='ocrx_word' id='word_1_86' title='bbox 746 1502 788 1526; x_wconf 84' lang='lat' dir='ltr'>earn</span> 
     </span>
     <span class='ocr_line' id='line_1_11' title="bbox 35 1546 788 1589; baseline 0.003 -11"><span class='ocrx_word' id='word_1_87' title='bbox 35 1546 84 1579; x_wconf 88' lang='lat' dir='ltr'>scire</span> <span class='ocrx_word' id='word_1_88' title='bbox 96 1555 155 1588; x_wconf 86' lang='lat' dir='ltr'>snper</span> <span class='ocrx_word' id='word_1_89' title='bbox 167 1546 232 1579; x_wconf 87' lang='lat' dir='ltr'>omnia</span> <span class='ocrx_word' id='word_1_90' title='bbox 244 1546 346 1580; x_wconf 83' lang='lat' dir='ltr'>desiderat.</span> <span class='ocrx_word' id='word_1_91' title='bbox 371 1546 433 1584; x_wconf 78' lang='lat' dir='ltr'>Quam</span> <span class='ocrx_word' id='word_1_92' title='bbox 446 1546 462 1579; x_wconf 91' lang='lat' dir='ltr'>si</span> <span class='ocrx_word' id='word_1_93' title='bbox 474 1546 518 1589; x_wconf 87' lang='lat' dir='ltr'>quis</span> <span class='ocrx_word' id='word_1_94' title='bbox 531 1546 649 1588; x_wconf 82' lang='lat' dir='ltr'>concupiscit</span> <span class='ocrx_word' id='word_1_95' title='bbox 661 1555 708 1580; x_wconf 89' lang='lat' dir='ltr'>vero</span> <span class='ocrx_word' id='word_1_96' title='bbox 724 1546 788 1587; x_wconf 88' lang='lat' dir='ltr'>corde,</span> 
     </span>
     <span class='ocr_line' id='line_1_12' title="bbox 34 1598 789 1642; baseline 0 -10"><span class='ocrx_word' id='word_1_97' title='bbox 34 1599 77 1641; x_wconf 88' lang='lat' dir='ltr'>ipsa</span> <span class='ocrx_word' id='word_1_98' title='bbox 89 1599 173 1641; x_wconf 88' lang='lat' dir='ltr'>seipsam</span> <span class='ocrx_word' id='word_1_99' title='bbox 186 1599 326 1642; x_wconf 78' lang='lat' dir='ltr'>manifestabit3</span> <span class='ocrx_word' id='word_1_100' title='bbox 343 1603 362 1633; x_wconf 86' lang='lat' dir='ltr'>et</span> <span class='ocrx_word' id='word_1_101' title='bbox 374 1600 431 1642; x_wconf 86' lang='lat' dir='ltr'>Deus,</span> <span class='ocrx_word' id='word_1_102' title='bbox 447 1599 481 1642; x_wconf 90' lang='lat' dir='ltr'>qui</span> <span class='ocrx_word' id='word_1_103' title='bbox 492 1600 529 1633; x_wconf 91' lang='lat' dir='ltr'>hoc</span> <span class='ocrx_word' id='word_1_104' title='bbox 540 1599 642 1642; x_wconf 80' lang='lat' dir='ltr'>promittit,</span> <span class='ocrx_word' id='word_1_105' title='bbox 654 1609 715 1634; x_wconf 82' lang='lat' dir='ltr'>verax</span> <span class='ocrx_word' id='word_1_106' title='bbox 728 1603 758 1634; x_wconf 89' lang='lat' dir='ltr'>est</span> <span class='ocrx_word' id='word_1_107' title='bbox 770 1598 789 1634; x_wconf 85' lang='lat' dir='ltr'>et</span> 
     </span>
     <span class='ocr_line' id='line_1_13' title="bbox 34 1653 789 1697; baseline 0.001 -10"><span class='ocrx_word' id='word_1_108' title='bbox 34 1663 77 1687; x_wconf 91' lang='lat' dir='ltr'>eam</span> <span class='ocrx_word' id='word_1_109' title='bbox 88 1654 169 1696; x_wconf 88' lang='lat' dir='ltr'>praebet</span> <span class='ocrx_word' id='word_1_110' title='bbox 181 1654 306 1697; x_wconf 84' lang='lat' dir='ltr'>diligentibus</span> <span class='ocrx_word' id='word_1_111' title='bbox 320 1663 345 1694; x_wconf 87' lang='lat' dir='ltr'>se,</span> <span class='ocrx_word' id='word_1_112' title='bbox 361 1654 410 1687; x_wconf 88' lang='lat' dir='ltr'>sicut</span> <span class='ocrx_word' id='word_1_113' title='bbox 426 1654 520 1696; x_wconf 88' lang='lat' dir='ltr'>scriptum</span> <span class='ocrx_word' id='word_1_114' title='bbox 533 1656 562 1688; x_wconf 88' lang='lat' dir='ltr'>est</span> <span class='ocrx_word' id='word_1_115' title='bbox 574 1654 594 1687; x_wconf 88' lang='lat' dir='ltr'>in</span> <span class='ocrx_word' id='word_1_116' title='bbox 605 1654 656 1688; x_wconf 85' lang='lat' dir='ltr'>libro</span> <span class='ocrx_word' id='word_1_117' title='bbox 669 1653 789 1697; x_wconf 75' lang='lat' dir='ltr'>Sapientiae</span> 
     </span>
     <span class='ocr_line' id='line_1_14' title="bbox 34 1705 788 1751; baseline 0.003 -11"><span class='ocrx_word' id='word_1_118' title='bbox 34 1717 48 1740; x_wconf 90' lang='lat' dir='ltr'>c.</span> <span class='ocrx_word' id='word_1_119' title='bbox 57 1708 117 1741; x_wconf 71' lang='lat' dir='ltr'>aeta:</span> <span class='ocrx_word' id='word_1_120' title='bbox 126 1708 268 1751; x_wconf 77' lang='lat' dir='ltr'>Praeoceicpat,</span> <span class='ocrx_word' id='word_1_121' title='bbox 278 1707 313 1751; x_wconf 83' lang='lat' dir='ltr'>qai</span> <span class='ocrx_word' id='word_1_122' title='bbox 321 1718 341 1742; x_wconf 78' lang='lat' dir='ltr'>se</span> <span class='ocrx_word' id='word_1_123' title='bbox 349 1708 500 1751; x_wconf 67' lang='lat' dir='ltr'>coacapiscaat</span> <span class='ocrx_word' id='word_1_124' title='bbox 510 1711 533 1742; x_wconf 86' lang='lat' dir='ltr'>at</span> <span class='ocrx_word' id='word_1_125' title='bbox 541 1708 585 1742; x_wconf 82' lang='lat' dir='ltr'>iilis</span> <span class='ocrx_word' id='word_1_126' title='bbox 593 1718 614 1742; x_wconf 75' lang='lat' dir='ltr'>ae</span> <span class='ocrx_word' id='word_1_127' title='bbox 619 1705 681 1751; x_wconf 68' lang='lat' dir='ltr'>prior</span> <span class='ocrx_word' id='word_1_128' title='bbox 690 1709 788 1742; x_wconf 77' lang='lat' dir='ltr'>ostendat.</span> 
     </span>
     <span class='ocr_line' id='line_1_15' title="bbox 34 1762 790 1809; baseline 0.001 -15"><span class='ocrx_word' id='word_1_129' title='bbox 34 1762 119 1805; x_wconf 78' lang='lat' dir='ltr'>Propter</span> <span class='ocrx_word' id='word_1_130' title='bbox 131 1762 168 1796; x_wconf 85' lang='lat' dir='ltr'>hoc</span> <span class='ocrx_word' id='word_1_131' title='bbox 180 1763 253 1805; x_wconf 76' lang='lat' dir='ltr'>optavi,</span> <span class='ocrx_word' id='word_1_132' title='bbox 268 1765 286 1796; x_wconf 85' lang='lat' dir='ltr'>et</span> <span class='ocrx_word' id='word_1_133' title='bbox 298 1763 358 1796; x_wconf 66' lang='lat' dir='ltr'>aceras</span> <span class='ocrx_word' id='word_1_134' title='bbox 370 1764 398 1796; x_wconf 80' lang='lat' dir='ltr'>est</span> <span class='ocrx_word' id='word_1_135' title='bbox 409 1762 462 1796; x_wconf 82' lang='lat' dir='ltr'>mibi</span> <span class='ocrx_word' id='word_1_136' title='bbox 470 1772 546 1809; x_wconf 21' lang='lat' dir='ltr'>*scasas</span> <span class='ocrx_word' id='word_1_137' title='bbox 560 1765 578 1796; x_wconf 89' lang='lat' dir='ltr'>et</span> <span class='ocrx_word' id='word_1_138' title='bbox 589 1763 688 1804; x_wconf 81' lang='lat' dir='ltr'>iacocaci,</span> <span class='ocrx_word' id='word_1_139' title='bbox 706 1765 723 1796; x_wconf 86' lang='lat' dir='ltr'>et</span> <span class='ocrx_word' id='word_1_140' title='bbox 734 1763 790 1795; x_wconf 77' lang='lat' dir='ltr'>ceieit</span> 
     </span>
     <span class='ocr_line' id='line_1_16' title="bbox 34 1815 789 1859; baseline 0.001 -11"><span class='ocrx_word' id='word_1_141' title='bbox 34 1816 57 1848; x_wconf 84' lang='lat' dir='ltr'>ia</span> <span class='ocrx_word' id='word_1_142' title='bbox 74 1826 105 1849; x_wconf 84' lang='lat' dir='ltr'>me</span> <span class='ocrx_word' id='word_1_143' title='bbox 121 1816 207 1858; x_wconf 76' lang='lat' dir='ltr'>spiritus</span> <span class='ocrx_word' id='word_1_144' title='bbox 223 1816 343 1859; x_wconf 69' lang='lat' dir='ltr'>saepientiae.</span> <span class='ocrx_word' id='word_1_145' title='bbox 368 1815 510 1851; x_wconf 74' lang='lat' dir='ltr'>convenienter</span> <span class='ocrx_word' id='word_1_146' title='bbox 530 1825 578 1858; x_wconf 84' lang='lat' dir='ltr'>ergo</span> <span class='ocrx_word' id='word_1_147' title='bbox 596 1816 677 1858; x_wconf 70' lang='lat' dir='ltr'>SapIens</span> <span class='ocrx_word' id='word_1_148' title='bbox 697 1819 789 1849; x_wconf 86' lang='lat' dir='ltr'>constans</span> 
     </span>
     <span class='ocr_line' id='line_1_17' title="bbox 35 1869 788 1913; baseline 0 -11"><span class='ocrx_word' id='word_1_149' title='bbox 35 1869 139 1912; x_wconf 86' lang='lat' dir='ltr'>sapientiae</span> <span class='ocrx_word' id='word_1_150' title='bbox 157 1870 243 1904; x_wconf 87' lang='lat' dir='ltr'>studium</span> <span class='ocrx_word' id='word_1_151' title='bbox 258 1870 315 1903; x_wconf 91' lang='lat' dir='ltr'>nobis</span> <span class='ocrx_word' id='word_1_152' title='bbox 332 1870 475 1903; x_wconf 87' lang='lat' dir='ltr'>commendavit</span> <span class='ocrx_word' id='word_1_153' title='bbox 491 1870 566 1903; x_wconf 86' lang='lat' dir='ltr'>dicens:</span> <span class='ocrx_word' id='word_1_154' title='bbox 585 1870 656 1903; x_wconf 85' lang='lat' dir='ltr'>Beatus</span> <span class='ocrx_word' id='word_1_155' title='bbox 668 1870 704 1912; x_wconf 52' lang='lat' dir='ltr'>vir.</span> <span class='ocrx_word' id='word_1_156' title='bbox 720 1870 753 1913; x_wconf 87' lang='lat' dir='ltr'>qui</span> <span class='ocrx_word' id='word_1_157' title='bbox 768 1870 788 1903; x_wconf 91' lang='lat' dir='ltr'>in</span> 
     </span>
     <span class='ocr_line' id='line_1_18' title="bbox 35 1923 258 1966; baseline 0 -9"><span class='ocrx_word' id='word_1_158' title='bbox 35 1923 132 1966; x_wconf 86' lang='lat' dir='ltr'>Sapientia</span> <span class='ocrx_word' id='word_1_159' title='bbox 144 1924 258 1958; x_wconf 86' lang='lat' dir='ltr'>morabitur.</span> 
     </span>
    </p>

    <p class='ocr_par' dir='ltr' id='par_1_5' title="bbox 33 1977 790 2765">
     <span class='ocr_line' id='line_1_19' title="bbox 100 1977 788 2020; baseline -0.001 -8"><span class='ocrx_word' id='word_1_160' title='bbox 100 1977 138 2012; x_wconf 82' lang='lat' dir='ltr'>Sed</span> <span class='ocrx_word' id='word_1_161' title='bbox 146 1978 220 2020; x_wconf 78' lang='lat' dir='ltr'>dieplee</span> <span class='ocrx_word' id='word_1_162' title='bbox 227 1978 326 2012; x_wconf 87' lang='lat' dir='ltr'>invenitur</span> <span class='ocrx_word' id='word_1_163' title='bbox 334 1978 426 2011; x_wconf 80' lang='lat' dir='ltr'>veritatis</span> <span class='ocrx_word' id='word_1_164' title='bbox 434 1978 510 2011; x_wconf 81' lang='lat' dir='ltr'>modas.</span> <span class='ocrx_word' id='word_1_165' title='bbox 534 1977 639 2018; x_wconf 75' lang='lat' dir='ltr'>Quaedam</span> <span class='ocrx_word' id='word_1_166' title='bbox 647 1987 731 2019; x_wconf 87' lang='lat' dir='ltr'>namque</span> <span class='ocrx_word' id='word_1_167' title='bbox 740 1987 788 2011; x_wconf 85' lang='lat' dir='ltr'>vera</span> 
     </span>
     <span class='ocr_line' id='line_1_20' title="bbox 35 2031 788 2074; baseline 0.001 -10"><span class='ocrx_word' id='word_1_168' title='bbox 35 2035 85 2073; x_wconf 89' lang='lat' dir='ltr'>sunt,</span> <span class='ocrx_word' id='word_1_169' title='bbox 98 2041 147 2074; x_wconf 88' lang='lat' dir='ltr'>quae</span> <span class='ocrx_word' id='word_1_170' title='bbox 155 2041 233 2066; x_wconf 88' lang='lat' dir='ltr'>ornnem</span> <span class='ocrx_word' id='word_1_171' title='bbox 241 2032 352 2065; x_wconf 81' lang='lat' dir='ltr'>facultatem</span> <span class='ocrx_word' id='word_1_172' title='bbox 364 2032 460 2065; x_wconf 88' lang='lat' dir='ltr'>humanae</span> <span class='ocrx_word' id='word_1_173' title='bbox 468 2031 549 2065; x_wconf 88' lang='lat' dir='ltr'>rationis</span> <span class='ocrx_word' id='word_1_174' title='bbox 558 2031 658 2073; x_wconf 79' lang='lat' dir='ltr'>excedunt,</span> <span class='ocrx_word' id='word_1_175' title='bbox 670 2031 690 2064; x_wconf 91' lang='lat' dir='ltr'>in</span> <span class='ocrx_word' id='word_1_176' title='bbox 703 2041 788 2074; x_wconf 88' lang='lat' dir='ltr'>quorum</span> 
     </span>
     <span class='ocr_line' id='line_1_21' title="bbox 34 2085 789 2128; baseline 0.001 -10"><span class='ocrx_word' id='word_1_177' title='bbox 34 2085 122 2119; x_wconf 87' lang='lat' dir='ltr'>notitiam</span> <span class='ocrx_word' id='word_1_178' title='bbox 133 2086 192 2119; x_wconf 92' lang='lat' dir='ltr'>homo</span> <span class='ocrx_word' id='word_1_179' title='bbox 204 2086 315 2128; x_wconf 81' lang='lat' dir='ltr'>pertingere</span> <span class='ocrx_word' id='word_1_180' title='bbox 327 2095 366 2119; x_wconf 90' lang='lat' dir='ltr'>non</span> <span class='ocrx_word' id='word_1_181' title='bbox 377 2088 442 2127; x_wconf 91' lang='lat' dir='ltr'>potest</span> <span class='ocrx_word' id='word_1_182' title='bbox 454 2085 492 2119; x_wconf 91' lang='lat' dir='ltr'>nisi</span> <span class='ocrx_word' id='word_1_183' title='bbox 503 2095 538 2127; x_wconf 87' lang='lat' dir='ltr'>per</span> <span class='ocrx_word' id='word_1_184' title='bbox 553 2085 635 2119; x_wconf 89' lang='lat' dir='ltr'>modum</span> <span class='ocrx_word' id='word_1_185' title='bbox 647 2085 765 2119; x_wconf 81' lang='lat' dir='ltr'>addiscentis</span> <span class='ocrx_word' id='word_1_186' title='bbox 778 2095 789 2119; x_wconf 86' lang='lat' dir='ltr'>a</span> 
     </span>
     <span class='ocr_line' id='line_1_22' title="bbox 34 2139 789 2182; baseline 0 -9"><span class='ocrx_word' id='word_1_187' title='bbox 34 2140 74 2173; x_wconf 90' lang='lat' dir='ltr'>Deo</span> <span class='ocrx_word' id='word_1_188' title='bbox 84 2140 168 2182; x_wconf 79' lang='lat' dir='ltr'>doctore,</span> <span class='ocrx_word' id='word_1_189' title='bbox 178 2149 203 2174; x_wconf 81' lang='lat' dir='ltr'>sc.</span> <span class='ocrx_word' id='word_1_190' title='bbox 211 2149 247 2182; x_wconf 87' lang='lat' dir='ltr'>per</span> <span class='ocrx_word' id='word_1_191' title='bbox 255 2140 307 2173; x_wconf 78' lang='lat' dir='ltr'>viani</span> <span class='ocrx_word' id='word_1_192' title='bbox 316 2140 440 2173; x_wconf 86' lang='lat' dir='ltr'>revelationis</span> <span class='ocrx_word' id='word_1_193' title='bbox 449 2139 530 2181; x_wconf 85' lang='lat' dir='ltr'>divinae,</span> <span class='ocrx_word' id='word_1_194' title='bbox 544 2139 651 2173; x_wconf 88' lang='lat' dir='ltr'>secundum</span> <span class='ocrx_word' id='word_1_195' title='bbox 659 2139 707 2173; x_wconf 85' lang='lat' dir='ltr'>illud</span> <span class='ocrx_word' id='word_1_196' title='bbox 715 2140 789 2174; x_wconf 81' lang='lat' dir='ltr'>Mattb.</span> 
     </span>
     <span class='ocr_line' id='line_1_23' title="bbox 34 2193 790 2237; baseline 0.001 -11"><span class='ocrx_word' id='word_1_197' title='bbox 34 2203 48 2226; x_wconf 94' lang='lat' dir='ltr'>c.</span> <span class='ocrx_word' id='word_1_198' title='bbox 57 2195 87 2227; x_wconf 83' lang='lat'>11:</span> <span class='ocrx_word' id='word_1_199' title='bbox 103 2194 204 2229; x_wconf 75' lang='lat' dir='ltr'>Ooiztiteor</span> <span class='ocrx_word' id='word_1_200' title='bbox 213 2194 255 2237; x_wconf 84' lang='lat' dir='ltr'>tibi,</span> <span class='ocrx_word' id='word_1_201' title='bbox 266 2194 330 2236; x_wconf 74' lang='lat' dir='ltr'>Pater,</span> <span class='ocrx_word' id='word_1_202' title='bbox 340 2193 427 2228; x_wconf 76' lang='lat' dir='ltr'>Domine</span> <span class='ocrx_word' id='word_1_203' title='bbox 435 2193 487 2228; x_wconf 85' lang='lat' dir='ltr'>caeli</span> <span class='ocrx_word' id='word_1_204' title='bbox 497 2196 514 2227; x_wconf 92' lang='lat' dir='ltr'>et</span> <span class='ocrx_word' id='word_1_205' title='bbox 524 2196 594 2235; x_wconf 68' lang='lat' dir='ltr'>terrae,</span> <span class='ocrx_word' id='word_1_206' title='bbox 605 2194 655 2236; x_wconf 80' lang='lat' dir='ltr'>qaia</span> <span class='ocrx_word' id='word_1_207' title='bbox 664 2194 790 2228; x_wconf 75' lang='lat' dir='ltr'>abscondisti</span> 
     </span>
     <span class='ocr_line' id='line_1_24' title="bbox 34 2247 790 2291; baseline -0.001 -10"><span class='ocrx_word' id='word_1_208' title='bbox 34 2248 83 2282; x_wconf 75' lang='lat' dir='ltr'>caea</span> <span class='ocrx_word' id='word_1_209' title='bbox 91 2258 105 2282; x_wconf 88' lang='lat' dir='ltr'>a</span> <span class='ocrx_word' id='word_1_210' title='bbox 112 2249 239 2291; x_wconf 83' lang='lat' dir='ltr'>sapieatibas</span> <span class='ocrx_word' id='word_1_211' title='bbox 248 2251 266 2282; x_wconf 87' lang='lat' dir='ltr'>et</span> <span class='ocrx_word' id='word_1_212' title='bbox 270 2248 412 2291; x_wconf 76' lang='lat' dir='ltr'>prudentibus,</span> <span class='ocrx_word' id='word_1_213' title='bbox 427 2250 445 2282; x_wconf 89' lang='lat' dir='ltr'>et</span> <span class='ocrx_word' id='word_1_214' title='bbox 452 2247 546 2281; x_wconf 78' lang='lat' dir='ltr'>revelasti</span> <span class='ocrx_word' id='word_1_215' title='bbox 556 2257 579 2281; x_wconf 88' lang='lat' dir='ltr'>ea</span> <span class='ocrx_word' id='word_1_216' title='bbox 586 2248 688 2290; x_wconf 79' lang='lat' dir='ltr'>pareatis.</span> <span class='ocrx_word' id='word_1_217' title='bbox 709 2247 734 2280; x_wconf 84' lang='lat' dir='ltr'>Et</span> <span class='ocrx_word' id='word_1_218' title='bbox 742 2248 790 2281; x_wconf 88' lang='lat' dir='ltr'>haec</span> 
     </span>
     <span class='ocr_line' id='line_1_25' title="bbox 34 2301 788 2345; baseline 0.001 -12"><span class='ocrx_word' id='word_1_219' title='bbox 34 2310 86 2342; x_wconf 82' lang='lat' dir='ltr'>vera,</span> <span class='ocrx_word' id='word_1_220' title='bbox 102 2302 208 2336; x_wconf 89' lang='lat' dir='ltr'>secundum</span> <span class='ocrx_word' id='word_1_221' title='bbox 223 2303 276 2345; x_wconf 87' lang='lat' dir='ltr'>quod</span> <span class='ocrx_word' id='word_1_222' title='bbox 292 2305 338 2336; x_wconf 88' lang='lat' dir='ltr'>sunt</span> <span class='ocrx_word' id='word_1_223' title='bbox 349 2304 395 2336; x_wconf 85' lang='lat' dir='ltr'>nota</span> <span class='ocrx_word' id='word_1_224' title='bbox 406 2301 479 2335; x_wconf 79' lang='lat' dir='ltr'>lrmrine</span> <span class='ocrx_word' id='word_1_225' title='bbox 491 2301 615 2335; x_wconf 84' lang='lat' dir='ltr'>revelationis</span> <span class='ocrx_word' id='word_1_226' title='bbox 628 2301 788 2344; x_wconf 82' lang='lat' dir='ltr'>supernaturalis,</span> 
     </span>
     <span class='ocr_line' id='line_1_26' title="bbox 35 2354 789 2397; baseline -0.001 -9"><span class='ocrx_word' id='word_1_227' title='bbox 35 2354 94 2388; x_wconf 84' lang='lat' dir='ltr'>Sacra</span> <span class='ocrx_word' id='word_1_228' title='bbox 102 2356 194 2389; x_wconf 85' lang='lat' dir='ltr'>Doctrina</span> <span class='ocrx_word' id='word_1_229' title='bbox 205 2356 319 2390; x_wconf 88' lang='lat' dir='ltr'>considerat.</span> <span class='ocrx_word' id='word_1_230' title='bbox 343 2356 447 2396; x_wconf 75' lang='lat' dir='ltr'>Quaedam</span> <span class='ocrx_word' id='word_1_231' title='bbox 456 2358 520 2389; x_wconf 86' lang='lat' dir='ltr'>autem</span> <span class='ocrx_word' id='word_1_232' title='bbox 530 2364 576 2389; x_wconf 86' lang='lat' dir='ltr'>vera</span> <span class='ocrx_word' id='word_1_233' title='bbox 586 2357 637 2397; x_wconf 87' lang='lat' dir='ltr'>sunt,</span> <span class='ocrx_word' id='word_1_234' title='bbox 649 2355 673 2388; x_wconf 89' lang='lat' dir='ltr'>ad</span> <span class='ocrx_word' id='word_1_235' title='bbox 682 2364 731 2397; x_wconf 88' lang='lat' dir='ltr'>quae</span> <span class='ocrx_word' id='word_1_236' title='bbox 739 2354 789 2388; x_wconf 87' lang='lat' dir='ltr'>ratio</span> 
     </span>
     <span class='ocr_line' id='line_1_27' title="bbox 34 2408 789 2452; baseline 0 -11"><span class='ocrx_word' id='word_1_237' title='bbox 34 2408 128 2443; x_wconf 87' lang='lat' dir='ltr'>naturalis</span> <span class='ocrx_word' id='word_1_238' title='bbox 144 2409 255 2452; x_wconf 82' lang='lat' dir='ltr'>pertingere</span> <span class='ocrx_word' id='word_1_239' title='bbox 270 2412 340 2452; x_wconf 86' lang='lat' dir='ltr'>potest.</span> <span class='ocrx_word' id='word_1_240' title='bbox 363 2410 407 2443; x_wconf 88' lang='lat' dir='ltr'>Non</span> <span class='ocrx_word' id='word_1_241' title='bbox 422 2409 474 2443; x_wconf 88' lang='lat' dir='ltr'>enim</span> <span class='ocrx_word' id='word_1_242' title='bbox 488 2409 564 2442; x_wconf 79' lang='lat' dir='ltr'>trustra</span> <span class='ocrx_word' id='word_1_243' title='bbox 578 2408 659 2442; x_wconf 88' lang='lat' dir='ltr'>rationis</span> <span class='ocrx_word' id='word_1_244' title='bbox 674 2408 739 2441; x_wconf 88' lang='lat' dir='ltr'>lumen</span> <span class='ocrx_word' id='word_1_245' title='bbox 754 2409 789 2441; x_wconf 88' lang='lat' dir='ltr'>hu-</span> 
     </span>
     <span class='ocr_line' id='line_1_28' title="bbox 34 2461 789 2505; baseline 0.001 -11"><span class='ocrx_word' id='word_1_246' title='bbox 34 2471 91 2496; x_wconf 88' lang='lat' dir='ltr'>mana</span> <span class='ocrx_word' id='word_1_247' title='bbox 102 2463 161 2497; x_wconf 88' lang='lat' dir='ltr'>habet</span> <span class='ocrx_word' id='word_1_248' title='bbox 175 2465 255 2505; x_wconf 86' lang='lat' dir='ltr'>natura;</span> <span class='ocrx_word' id='word_1_249' title='bbox 273 2466 292 2497; x_wconf 92' lang='lat' dir='ltr'>et</span> <span class='ocrx_word' id='word_1_250' title='bbox 304 2463 354 2497; x_wconf 85' lang='lat' dir='ltr'>sicut</span> <span class='ocrx_word' id='word_1_251' title='bbox 365 2466 435 2496; x_wconf 88' lang='lat' dir='ltr'>natura</span> <span class='ocrx_word' id='word_1_252' title='bbox 447 2462 573 2505; x_wconf 84' lang='lat' dir='ltr'>praeambula</span> <span class='ocrx_word' id='word_1_253' title='bbox 590 2465 620 2495; x_wconf 86' lang='lat' dir='ltr'>est</span> <span class='ocrx_word' id='word_1_254' title='bbox 635 2462 659 2495; x_wconf 87' lang='lat' dir='ltr'>ad</span> <span class='ocrx_word' id='word_1_255' title='bbox 674 2461 758 2503; x_wconf 80' lang='lat' dir='ltr'>gratiam</span> <span class='ocrx_word' id='word_1_256' title='bbox 770 2465 789 2495; x_wconf 89' lang='lat' dir='ltr'>et</span> 
     </span>
     <span class='ocr_line' id='line_1_29' title="bbox 34 2514 788 2559; baseline -0.004 -9"><span class='ocrx_word' id='word_1_257' title='bbox 34 2517 163 2558; x_wconf 84' lang='lat' dir='ltr'>pergratiam</span> <span class='ocrx_word' id='word_1_258' title='bbox 175 2517 282 2559; x_wconf 84' lang='lat' dir='ltr'>perficitur,</span> <span class='ocrx_word' id='word_1_259' title='bbox 296 2517 323 2550; x_wconf 87' lang='lat' dir='ltr'>ita</span> <span class='ocrx_word' id='word_1_260' title='bbox 334 2517 400 2550; x_wconf 86' lang='lat' dir='ltr'>lumen</span> <span class='ocrx_word' id='word_1_261' title='bbox 411 2516 458 2549; x_wconf 79' lang='lat' dir='ltr'>fidei</span> <span class='ocrx_word' id='word_1_262' title='bbox 469 2525 509 2549; x_wconf 85' lang='lat' dir='ltr'>non</span> <span class='ocrx_word' id='word_1_263' title='bbox 521 2515 605 2549; x_wconf 77' lang='lat' dir='ltr'>destruit</span> <span class='ocrx_word' id='word_1_264' title='bbox 616 2516 682 2548; x_wconf 88' lang='lat' dir='ltr'>lumen</span> <span class='ocrx_word' id='word_1_265' title='bbox 693 2514 788 2548; x_wconf 86' lang='lat' dir='ltr'>naturalis</span> 
     </span>
     <span class='ocr_line' id='line_1_30' title="bbox 33 2567 789 2612; baseline 0 -11"><span class='ocrx_word' id='word_1_266' title='bbox 33 2569 154 2612; x_wconf 82' lang='lat' dir='ltr'>cognitionis,</span> <span class='ocrx_word' id='word_1_267' title='bbox 173 2570 207 2604; x_wconf 88' lang='lat' dir='ltr'>sed</span> <span class='ocrx_word' id='word_1_268' title='bbox 223 2570 303 2603; x_wconf 87' lang='lat' dir='ltr'>adiuvat</span> <span class='ocrx_word' id='word_1_269' title='bbox 320 2573 339 2604; x_wconf 90' lang='lat' dir='ltr'>et</span> <span class='ocrx_word' id='word_1_270' title='bbox 355 2569 436 2612; x_wconf 77' lang='lat' dir='ltr'>perficit,</span> <span class='ocrx_word' id='word_1_271' title='bbox 452 2568 497 2611; x_wconf 88' lang='lat' dir='ltr'>quia</span> <span class='ocrx_word' id='word_1_272' title='bbox 512 2569 579 2602; x_wconf 86' lang='lat' dir='ltr'>lumen</span> <span class='ocrx_word' id='word_1_273' title='bbox 593 2567 674 2601; x_wconf 88' lang='lat' dir='ltr'>rationis</span> <span class='ocrx_word' id='word_1_274' title='bbox 689 2568 789 2601; x_wconf 89' lang='lat' dir='ltr'>etlumen</span> 
     </span>
     <span class='ocr_line' id='line_1_31' title="bbox 33 2620 789 2666; baseline -0.003 -11"><span class='ocrx_word' id='word_1_275' title='bbox 33 2622 79 2656; x_wconf 84' lang='lat' dir='ltr'>tidei</span> <span class='ocrx_word' id='word_1_276' title='bbox 99 2625 123 2657; x_wconf 91' lang='lat' dir='ltr'>ab</span> <span class='ocrx_word' id='word_1_277' title='bbox 139 2633 179 2657; x_wconf 89' lang='lat' dir='ltr'>uno</span> <span class='ocrx_word' id='word_1_278' title='bbox 196 2623 292 2666; x_wconf 83' lang='lat' dir='ltr'>principio</span> <span class='ocrx_word' id='word_1_279' title='bbox 311 2623 424 2665; x_wconf 77' lang='lat' dir='ltr'>procedunt,</span> <span class='ocrx_word' id='word_1_280' title='bbox 443 2632 468 2655; x_wconf 91' lang='lat' dir='ltr'>sc.</span> <span class='ocrx_word' id='word_1_281' title='bbox 486 2622 532 2655; x_wconf 86' lang='lat' dir='ltr'>Deo.</span> <span class='ocrx_word' id='word_1_282' title='bbox 556 2621 580 2654; x_wconf 84' lang='lat' dir='ltr'>Et</span> <span class='ocrx_word' id='word_1_283' title='bbox 598 2621 622 2654; x_wconf 88' lang='lat' dir='ltr'>de</span> <span class='ocrx_word' id='word_1_284' title='bbox 639 2620 670 2653; x_wconf 90' lang='lat' dir='ltr'>his</span> <span class='ocrx_word' id='word_1_285' title='bbox 688 2621 741 2654; x_wconf 86' lang='lat' dir='ltr'>veris</span> <span class='ocrx_word' id='word_1_286' title='bbox 759 2624 789 2654; x_wconf 89' lang='lat' dir='ltr'>est</span> 
     </span>
     <span class='ocr_line' id='line_1_32' title="bbox 34 2674 789 2719; baseline -0.001 -10"><span class='ocrx_word' id='word_1_287' title='bbox 34 2676 159 2719; x_wconf 86' lang='lat' dir='ltr'>Philosophia</span> <span class='ocrx_word' id='word_1_288' title='bbox 177 2678 270 2718; x_wconf 82' lang='lat' dir='ltr'>humana,</span> <span class='ocrx_word' id='word_1_289' title='bbox 289 2676 430 2711; x_wconf 87' lang='lat' dir='ltr'>considerando</span> <span class='ocrx_word' id='word_1_290' title='bbox 447 2685 479 2709; x_wconf 87' lang='lat' dir='ltr'>res</span> <span class='ocrx_word' id='word_1_291' title='bbox 498 2684 532 2708; x_wconf 87' lang='lat' dir='ltr'>seu</span> <span class='ocrx_word' id='word_1_292' title='bbox 549 2674 600 2707; x_wconf 86' lang='lat' dir='ltr'>entia</span> <span class='ocrx_word' id='word_1_293' title='bbox 616 2674 690 2708; x_wconf 84' lang='lat' dir='ltr'>lumine</span> <span class='ocrx_word' id='word_1_294' title='bbox 707 2675 789 2708; x_wconf 87' lang='lat' dir='ltr'>rationis</span> 
     </span>
     <span class='ocr_line' id='line_1_33' title="bbox 33 2731 132 2765; baseline 0.02 -2"><span class='ocrx_word' id='word_1_295' title='bbox 33 2731 132 2765; x_wconf 82' lang='lat' dir='ltr'>naturalis</span> 
     </span>
    </p>
   </div>
   <div class='ocr_carea' id='block_1_4' title="bbox 35 1055 789 1208">
    <p class='ocr_par' dir='ltr' id='par_1_6' title="bbox 35 1055 789 1208">
     <span class='ocr_line' id='line_1_34' title="bbox 35 1055 789 1208; baseline 0.004 -120"><span class='ocrx_word' id='word_1_296' title='bbox 35 1057 134 1208; x_wconf 49' lang='lat' dir='ltr'>gnarus</span> <span class='ocrx_word' id='word_1_297' title='bbox 145 1055 182 1098; x_wconf 84' lang='lat' dir='ltr'>vir,</span> <span class='ocrx_word' id='word_1_298' title='bbox 194 1055 228 1099; x_wconf 85' lang='lat' dir='ltr'>qui</span> <span class='ocrx_word' id='word_1_299' title='bbox 239 1055 259 1089; x_wconf 88' lang='lat' dir='ltr'>in</span> <span class='ocrx_word' id='word_1_300' title='bbox 269 1055 366 1098; x_wconf 85' lang='lat' dir='ltr'>Sapientia</span> <span class='ocrx_word' id='word_1_301' title='bbox 377 1056 492 1090; x_wconf 87' lang='lat' dir='ltr'>morabitur.</span> <span class='ocrx_word' id='word_1_302' title='bbox 515 1057 587 1091; x_wconf 81' lang='lat' dir='ltr'>Eccles.</span> <span class='ocrx_word' id='word_1_303' title='bbox 600 1066 615 1091; x_wconf 83' lang='lat' dir='ltr'>c.</span> <span class='ocrx_word' id='word_1_304' title='bbox 628 1059 654 1090; x_wconf 77' lang='lat'>14.</span> <span class='ocrx_word' id='word_1_305' title='bbox 677 1057 731 1091; x_wconf 84' lang='lat' dir='ltr'>Sicut</span> <span class='ocrx_word' id='word_1_306' title='bbox 743 1058 789 1091; x_wconf 87' lang='lat' dir='ltr'>dicit</span> 
     </span>
    </p>
   </div>
   <div class='ocr_carea' id='block_1_5' title="bbox 706 2783 723 2815">
    <p class='ocr_par' dir='ltr' id='par_1_7' title="bbox 706 2783 723 2815">
     <span class='ocr_line' id='line_1_35' title="bbox 706 2783 723 2815; baseline 0 -16"><span class='ocrx_word' id='word_1_307' title='bbox 706 2783 723 2815; x_wconf 59' lang='lat' dir='ltr'>1ss</span> 
     </span>
    </p>
   </div>
   <div class='ocr_carea' id='block_1_6' title="bbox 0 0 928 3062">
    <p class='ocr_par' dir='ltr' id='par_1_8' title="bbox 0 0 928 3062">
     <span class='ocr_line' id='line_1_36' title="bbox 0 0 928 3062; baseline 0 0"><span class='ocrx_word' id='word_1_308' title='bbox 0 0 928 3062; x_wconf 95' lang='lat' dir='ltr'> </span> 
     </span>
    </p>
   </div>
  </div>
 </body>
</html>
