1846 3062
367 121 474 162 Quansuo
485 122 499 154 v
783 111 809 149 39

56 221 110 263 quod
121 229 168 253 vere
179 219 237 253 ctiam
249 220 286 254 dici
298 219 366 263 possit,
378 220 431 261 quod
443 220 501 254 homo
513 222 543 253 est
551 218 633 253 trinitas.
653 219 702 252 Nam
711 228 755 252 oum
763 219 810 252 haec

56 274 132 307 dicatur
140 274 163 307 de
172 274 212 308 Deo
220 277 239 308 et
247 275 300 308 Deus
312 275 336 308 de
348 264 430 315 homine,
443 274 499 307 debet
511 273 568 308 ctiam
579 273 599 307 vi
609 273 668 307 huius
676 273 755 316 regulae
763 282 809 306 vere

55 328 94 362 dici
106 329 129 362 de
141 327 224 362 homine.
244 328 282 362 Sed
290 330 370 370 constat,
382 328 439 361 talem
447 327 600 370 propositionem
609 337 652 361 esse
659 327 735 361 falsam.
756 327 810 369 Ergo

55 385 75 416 et
86 382 136 416 falsa
147 382 184 415 erit
195 382 227 416 iila
238 383 311 426 regula.

123 447 156 481 Sro
169 457 231 479 eonrnn
242 458 270 480 rsr
283 447 336 490 quod
345 447 476 489 Philosophus
488 446 508 480 in
517 447 643 481 Praedicare.
652 457 666 481 c.
675 448 684 481 3
693 445 748 489 ponit
755 456 810 489 prae·

56 502 128 535 dictam
140 502 233 545 regulam.

123 567 220 600 Rrsroxoro
232 578 311 599 nicrnoun
323 566 376 609 quod
388 566 486 608 praedicta
497 566 565 609 regula
576 576 623 600 vera
635 569 664 600 est
674 566 695 599 in
700 566 809 609 praediea-

57 622 133 655 cilicos
146 631 185 664 per
198 631 228 663 sa·
242 631 278 663 per
296 631 316 655 se
328 623 393 653 autem
407 620 530 663 praedicatur
545 620 617 663 aliquid
630 621 653 654 de
669 620 738 663 aliquo,
757 620 810 662 quod

55 675 179 718 praedicatur
194 676 218 709 de
233 685 255 709 eo
268 674 375 709 secundum
386 675 487 717 propriam
499 674 599 708 rationem.
622 674 652 708 Ad
664 674 718 709 euius
731 675 810 717 regulae

56 730 173 764 evidentiam
188 730 347 772 praenotandum,
365 729 418 771 quod
435 729 508 772 aliquid
525 729 549 762 de
566 728 630 771 aliquo
645 732 666 762 ut
684 730 707 763 de
723 728 809 763 subiecto

56 784 165 827 praedicari
176 784 207 817 hic
218 786 248 818 est
259 783 367 826 praedicari
379 786 472 826 tanquam
485 783 575 826 superius
588 783 612 817 de
623 783 717 817 inferiori.

123 838 178 872 Ratio
186 841 250 872 autem
258 838 317 872 huius
325 838 404 880 regulae
413 841 447 880 est,
456 838 506 881 quia,
518 838 596 881 quando
605 838 678 880 aliquid
687 837 810 880 praedicatur

57 894 81 927 de
93 893 163 935 aliquo,
179 893 285 926 secundnm
297 893 350 935 quod
362 894 392 925 est
406 892 457 926 idem
472 892 532 934 alteri,
550 895 596 925 tunc
611 902 690 926 necesse
706 894 740 932 est,
758 891 811 934 quod

56 947 115 981 etiarn
129 947 251 989 praedicetur
266 947 289 980 de
304 947 342 980 illo.
366 947 391 979 Et
404 946 449 980 inde
465 948 569 980 sumuntur
584 949 699 989 argumenta
713 945 811 979 dialectica

56 1012 69 1035 a
80 1010 150 1044 genere
162 1004 181 1034 et
193 1001 256 1043 specie
269 1010 303 1034 seu
315 1001 339 1034 ab
347 1000 435 1034 inferiori
443 1003 462 1034 et
470 999 571 1043 superiori.
593 1000 674 1039 Quando
682 1010 729 1034 vero
738 999 811 1042 aliquid

57 1055 180 1098 praedicatur
192 1055 216 1089 de
228 1055 297 1098 aliquo,
310 1055 417 1089 seeundum
429 1055 482 1097 quod
494 1054 561 1088 differt
572 1055 597 1088 ab
609 1055 674 1096 altero,
687 1064 726 1088 non
734 1056 811 1096 oportet

58 1110 81 1143 de
89 1110 150 1143 altero
158 1119 204 1143 vere
211 1109 324 1151 praedicari.
343 1109 380 1143 Sed
389 1111 435 1142 tunc
443 1109 514 1143 dicitur
521 1108 594 1151 aliquid
602 1108 655 1142 idem
663 1109 722 1151 alteri,
732 1108 810 1150 quando

57 1163 106 1197 ratio
118 1162 176 1197 unius
188 1166 218 1197 est
229 1163 278 1197 ratio
286 1162 375 1204 alterius;
388 1163 458 1197 dicitur
466 1166 530 1197 auteur
538 1162 611 1205 aliquid
619 1164 643 1196 ab
652 1162 716 1205 aliquo
724 1162 810 1203 differre,

57 1218 135 1261 quando
150 1217 200 1251 ratio
214 1218 272 1251 unius
290 1227 329 1251 non
346 1220 376 1251 est
390 1217 439 1251 ratio
457 1218 541 1251 alterius.
565 1217 620 1251 Unde
635 1217 761 1251 manifestum
775 1219 810 1255 θεῖ,

57 1273 115 1315 quod,
124 1271 200 1314 quoties
208 1272 281 1314 aliquid
289 1271 412 1314 praedicatur
421 1272 444 1305 de
451 1272 515 1314 aliquo
521 1274 543 1305 ut
549 1271 573 1304 de
580 1271 671 1313 subiecto,
677 1272 689 1305 i.
696 1281 711 1305 e.
717 1275 811 1314 tanquam

59 1325 149 1369 superius
162 1326 185 1359 de
197 1325 289 1368 inferiori,
305 1325 400 1369 quidquid
414 1335 449 1368 per
465 1336 485 1359 se
500 1325 570 1359 dicitur
582 1326 606 1358 de
617 1325 728 1368 praedicato
741 1335 775 1359 seu
787 1326 811 1359 de

58 1379 160 1422 superiori,
175 1379 245 1413 dieitur
260 1380 318 1413 etiarn
333 1380 356 1413 de
372 1380 463 1421 subiecto,
477 1380 489 1413 i.
501 1390 516 1413 e.
531 1380 555 1413 de
570 1379 663 1413 inferiori.
687 1380 712 1414 Ut
724 1379 741 1414 si
752 1380 811 1413 homo

57 1434 129 1468 dicitur
144 1434 167 1467 de
182 1434 245 1475 Petro,
260 1434 318 1467 etiam
333 1433 408 1475 animal,
424 1434 476 1476 quod
491 1434 561 1467 dicitur
576 1433 600 1467 de
614 1433 697 1475 homine,
714 1434 738 1467 de
753 1434 811 1467 Petro

57 1488 138 1522 dicetur.
162 1487 187 1521 Et
199 1487 226 1521 sic
237 1490 290 1530 patet
301 1487 374 1522 veritas
386 1488 470 1531 regulae.

123 1552 149 1585 Ao
161 1563 269 1585 nncuunrrnr
280 1563 322 1585 rneo
334 1563 413 1584 orcrunun
429 1553 481 1595 quod
496 1552 573 1586 trinitas
588 1552 711 1595 praedicatur
727 1552 751 1586 de
766 1552 811 1593 Deo,

56 1606 166 1646 ,seeundum
183 1607 236 1649 quod
251 1606 369 1649 supponitur
386 1616 422 1648 pro
440 1607 503 1640 tribus
519 1606 615 1649 personis,
633 1609 691 1649 atque
707 1607 755 1640 adeo
772 1598 813 1639 non

58 1660 165 1694 secundum
177 1661 230 1702 quod
241 1661 293 1694 Deus
306 1663 335 1694 est
347 1660 398 1693 idem
410 1660 493 1701 homini;
510 1664 529 1694 et
543 1661 601 1693 homo
617 1660 710 1703 supponit
721 1669 757 1703 pro
769 1669 812 1702 per-

58 1724 107 1748 sona
118 1713 158 1747 filii.
183 1714 207 1747 Et
219 1714 262 1748 ideo
274 1724 313 1748 non
326 1714 419 1756 sequitur,
432 1715 484 1757 quod
497 1715 554 1749 homo
568 1714 592 1747 sit
604 1714 686 1748 trinitas.

337 1831 533 1863 -—!<>f—-..

286 1967 446 2014 QUAESTIO
463 1967 587 2014 QmNTA

210 2080 244 2114 Du
257 2080 485 2115 PRAEDIOAMENTIS
498 2080 526 2114 IN
539 2079 660 2114 COMMUNI

326 2189 344 2209 ln
355 2189 384 2209 SEX
396 2188 484 2210 ARTICULOS
495 2188 550 2210 DIVISA

84 2257 115 2278 ψ

120 2286 166 2308 rnor
178 2276 341 2310 considerandum
353 2279 383 2310 est
395 2277 418 2310 de
430 2276 479 2319 ipsis
487 2276 654 2320 praedicamentis.
676 2277 700 2310 Et
708 2277 758 2310 circa
766 2276 812 2310 haec

131 2331 170 2365 duo
179 2331 319 2365 consideranda
329 2334 439 2373 occurrunt,
448 2332 518 2374 primo
530 2331 553 2364 de
565 2331 726 2374 praedicamentis
734 2331 754 2364 in
763 2340 813 2364 eom·

132 2385 191 2428 muni,
203 2386 289 2420 secondo
302 2386 325 2420 de
337 2385 407 2419 iisdem
418 2385 439 2419 in
450 2385 567 2428 particulari.

126 2440 181 2475 Circa
192 2439 278 2482 primum
290 2443 355 2474 auteur
367 2442 488 2483 quaeruntur
501 2449 540 2474 sex.

157 2494 232 2528 Primo:
248 2497 315 2529 utrum
331 2494 632 2538 tractatiopraedicamentorum
644 2494 739 2537 pertineat
750 2494 775 2528 ad
786 2495 794 2528 1
806 2513 814 2519 -

191 2559 261 2592 greum.

159 2603 257 2637 Secundo:
269 2606 335 2638 utrum
348 2613 382 2637 ens
395 2603 420 2637 sit
432 2613 493 2646 genus
506 2603 530 2636 ad
542 2602 608 2635 deceni
620 2603 781 2644 praedicamenta.

159 2658 232 2692 Tertio:
245 2659 269 2692 de
281 2667 362 2692 numero
374 2657 580 2700 praedicamentorum.
