1846 3062
176 159 213 199 ‘'³²‘'
230 190 239 201 ²
334 187 459 220 rnlnrlno
748 178 778 214 IX

1 312 2 315 =
21 290 172 331 firmissime
182 288 281 325 munita
292 285 603 323 estzcuiusconfliotione
613 284 778 332 disciplinae,

1 336 3 352 ἶ
21 358 124 392 veteres
139 356 224 390 sectae
239 361 357 389 errorum
367 349 470 397 penitus
483 352 651 396 corruerunt,
666 349 778 396 itemque

1 449 2 452 η
21 430 107 465 novae,
116 417 217 455 nomine
227 416 316 464 potius
326 418 350 453 et
361 413 446 462 specie
457 425 531 461 quam
543 425 570 451 re
583 413 640 451 illis
653 413 777 461 dispares,

1 474 2 483 ³
21 484 97 523 simul
108 482 214 521 emisere
225 484 303 530 caput
313 479 690 518 eteiusdemictibusdeiectae
700 479 778 517 inter-

21 544 151 595 ciderunt,
165 547 291 597 quodiam
300 558 350 585 non
359 557 424 583 unus
435 546 549 584 ostendit
560 547 589 584 de
600 546 778 595 scriptoribus

21 615 126 653 nostris.
156 614 272 658 Postremo,
288 613 339 661 quia
350 612 443 649 Thomas
458 615 528 648 tutam
544 612 702 660 disquisitionis
713 612 778 650 liber-

20 684 87 717 tatem
97 682 199 728 praestat.
223 678 299 715 Ratio
312 677 416 725 quidem
430 677 539 714 humana
555 678 585 714 ad
601 677 777 725 cognitionem

20 756 105 781 rerum
124 744 279 780 interiorem
298 742 517 789 reconditamque
538 742 623 779 libera
644 743 701 779 vult
723 743 777 780 acie

20 812 159 856 penetrare
180 818 225 844 neo
247 818 297 844 non
321 806 389 843 velle
414 809 511 853 potest:
537 817 625 842 verum
647 805 777 853 Aquinate

21 875 127 909 auctore
144 874 168 908 et
187 871 321 918 magistro,
340 871 386 907 hoc
404 870 487 918 ipsum
506 869 572 907 facit
590 870 739 917 expeditius
754 874 778 907 et

20 936 139 982 liberius,
158 935 217 982 quia
232 935 362 971 tutissime
377 934 452 979 facit,
471 934 537 971 omni
553 934 645 981 procul
659 934 778 981 periculo

20 999 192 1036 transiliendi
206 999 275 1036 fines
290 999 419 1036 veritatis.
443 999 530 1046 Neque
545 999 613 1035 enim
627 999 777 1036 libertatem

20 1067 91 1102 recte
101 1064 209 1111 dixeris,
224 1074 288 1112 quae
299 1064 329 1101 ad
340 1063 482 1101 arbitrium
494 1063 684 1112 libidinemque
695 1063 777 1112 opini-

21 1141 82 1168 ones
103 1133 271 1167 consectatur
292 1134 315 1167 et
336 1129 446 1179 spargit,
467 1130 542 1167 immo
562 1141 624 1168 vero
644 1130 777 1167 licentiam

21 1195 211 1243 nequissimam,
229 1196 375 1233 mendacem
392 1199 416 1233 et
433 1195 555 1233 fallacem
573 1196 717 1244 scientiam,
737 1197 777 1234 de-

21 1262 97 1298 decus
108 1261 184 1298 animi
195 1264 218 1298 et
228 1261 389 1299 servitutem.
410 1261 485 1305 Qualis
495 1262 673 1310 ergosecundum
682 1262 777 1300 Thomae

21 1326 163 1374 archetypum
178 1326 253 1363 doctor
269 1326 388 1363 catholicus
398 1338 446 1364 cum
456 1327 569 1374 discipulis
580 1327 625 1364 suis
636 1338 682 1365 esse
693 1328 776 1374 debeat,

21 1390 96 1437 pariclo
102 1390 248 1437 pulcherrime
255 1391 397 1428 concluditur.
407 1392 455 1428 lile
465 1402 557 1438 reapse
568 1392 777 1439 sapientissimus

22 1454 112 1490 doctor
127 1454 197 1490 intra
211 1454 336 1491 veritatis
351 1455 419 1492 fines
434 1455 565 1502 graditur,
583 1456 626 1502 qui
641 1467 690 1493 non
704 1457 776 1493 modo

22 1529 75 1554 cum
89 1518 148 1564 Deo,
168 1518 249 1554 omnis
267 1519 392 1555 veritatis
406 1520 539 1567 principio
554 1523 578 1557 et
593 1531 698 1566 summa,
714 1532 777 1557 nun-

22 1592 95 1628 quam
110 1582 236 1628 decertat,
255 1583 298 1619 sed
312 1583 363 1630 ipsi
378 1583 502 1620 adhaeret
517 1595 617 1631 semper
632 1585 778 1622 arctissime

22 1656 171 1693 semperque
181 1646 342 1694 obsequitur,
351 1658 445 1684 arcana
456 1659 500 1685 sua
512 1659 613 1696 quoquo
623 1649 696 1686 modo
706 1653 777 1697 pate-

21 1709 140 1757 facienti,
160 1711 203 1759 qui
220 1723 302 1760 neque
320 1716 408 1750 sancte
422 1707 509 1750 'minus
526 1713 654 1751 Pontifici
671 1725 778 1751 romano

22 1780 60 1813 est
79 1776 148 1815 dicto
168 1777 276 1816 audiens
296 1781 320 1816 et
340 1779 527 1817 auctoritatem
547 1780 573 1817 in
594 1792 622 1819 eo
639 1783 777 1818 reveretur

23 1842 140 1880 divinam.
164 1844 212 1881 Non
227 1844 283 1881 enim
298 1848 370 1893 potest
383 1846 529 1893 praetermitti
539 1846 626 1884 Domini
635 1847 685 1884 Iesu
696 1846 777 1885 Christi

22 1908 128 1945 sententia
147 1908 247 1946 dicentis:
268 1910 298 1947 Tc
316 1922 337 1948 cs
351 1910 427 1948 Petrus
441 1913 461 1948 et
475 1923 538 1959 saqoer
552 1913 607 1949 banc
617 1914 705 1960 petram
720 1913 778 1950 cedi-

21 1972 91 2009 ficoho
106 1973 213 2010 ecclesiam
227 1976 314 2012 abactae}
338 1974 476 2024 Quapropter
486 1979 542 2014 serto
551 1977 631 2025 pignus
647 1978 716 2015 bonae
731 1978 777 2026 spei

22 2037 186 2075 Ecclesiasticae
201 2039 329 2087 obsequium
344 2040 442 2078 Thomae.
471 2042 533 2078 Eius
550 2042 634 2090 igitur
648 2043 674 2079 in
689 2043 778 2080 schola

23 2102 157 2139 adolescat
172 2106 195 2140 et
210 2109 364 2142 exerceatur
380 2105 470 2143 Clerus
485 2107 516 2144 ad
530 2107 732 2156 philosophiam,
748 2109 778 2145 ad

23 2166 198 2215 Theologiam:
221 2169 317 2206 existet
335 2170 401 2207 enim
420 2182 480 2208 vere
500 2172 591 2209 doctus
610 2176 634 2209 et
653 2173 683 2210 ad
703 2184 777 2210 sacra

22 2231 123 2276 praelia
137 2232 227 2269 valens
242 2244 315 2280 quam
331 2234 374 2282 qui
389 2235 503 2273 maxime.
527 2236 574 2273 Hoc
590 2240 718 2284 argumento
733 2240 778 2273 tarn

22 2292 82 2330 facili
101 2306 165 2342 quam
184 2296 254 2344 pleno,
274 2299 332 2345 quod
351 2299 394 2336 Leo
414 2300 440 2336 de
458 2300 544 2337 ratione
565 2312 640 2338 sacrae
658 2301 778 2337 iuventutis

23 2358 125 2397 colendae
139 2360 186 2408 ipse
201 2362 281 2409 optime
296 2363 393 2411 periecIt,
412 2365 511 2412 apprime
525 2368 639 2413 perspecto
655 2366 735 2403 certior
750 2366 778 2403 sit

23 2423 153 2474 Theologiae
167 2427 264 2465 novitius
278 2428 374 2478 quisque,
390 2440 412 2467 se
422 2441 485 2479 posse
495 2430 538 2467 iam
548 2429 652 2468 fidentius
663 2442 778 2480 assurgere

24 2490 51 2527 ad
71 2492 142 2530 studia
163 2492 257 2532 fecunda
276 2494 365 2533 illarum
386 2496 412 2534 de
434 2497 502 2534 sancti
524 2496 618 2535 Thcmae
640 2497 778 2547 philosophia

23 2555 146 2596 litterarum
161 2559 243 2598 Summi
257 2562 376 2600 Pontificis.

90 2701 96 2718 ¹
108 2699 167 2731 Matth.
179 2701 221 2740 XVI,
234 2704 259 2733 18.
