1846 3062
146 130 183 166 iiij
352 140 458 179 oiiaasi'io
470 143 521 174 xxiv
544 142 666 174 narremus
677 144 690 174 il

209 239 224 270 ⁴2.
237 238 342 270 Pinianus,
357 237 376 270 in
391 239 487 281 omnihus,
502 250 551 282 quae
567 243 652 282 aguntur
667 243 748 282 propter
761 239 826 282 tinem,
842 243 863 273 nt
878 240 897 273 in

145 290 271 330 naturalibus,
287 291 394 324 moralibus
409 296 428 325 et
443 294 582 331 artificialibus,
596 294 736 327 demonstratio
751 293 853 335 potissima
868 304 898 327 su·

145 343 204 376 mitur
216 353 227 377 a
239 344 283 377 tine.
307 345 344 378 Sed
356 345 402 379 finis
414 350 444 380 est
456 357 513 381 causa
525 347 638 381 extrinseca.
663 348 715 391 Ergo
727 347 867 382 demonstratio
880 352 898 381 et

145 398 224 431 scientia
236 402 319 440 possunt
331 409 374 433 esse
386 410 421 442 per
433 411 501 435 causas
514 401 637 435 extrinsecas.

209 454 224 485 3.
238 453 342 487 Pru-:maan
358 454 410 488 Deus
425 455 482 488 hahet
494 455 656 497 perfectissimam
669 455 768 489 scientiam
780 465 846 488 rerum
859 465 898 489 om·

144 505 204 547 nium,
220 511 239 539 et
253 511 317 540 tamen
332 518 371 541 non
386 509 485 551 cognoscit
500 509 542 542 illas
554 519 589 552 per
602 520 669 543 causas
682 510 801 551 intrinsecas,
817 510 851 543 sed
863 519 898 552 per

144 560 269 599 extrinsecas,
282 564 328 603 puta
340 572 375 604 per
383 562 498 596 efficientem
511 567 529 596 et
541 564 629 605 finalem3
642 574 686 597 nam
699 563 797 607 cognoscit
808 563 851 597 illas
863 573 898 606 per

145 624 199 647 suam
213 615 322 657 essentiam,
335 625 383 658 quae
395 619 425 650 θεῖ
437 620 526 659 respectu
538 617 615 651 iilamm
627 628 685 652 causa
697 617 783 652 efficiens
795 620 814 651 et
823 617 897 658 finalis,

145 669 176 701 vei
187 678 222 711 per
234 670 292 711 ideas,
308 679 357 712 quae
371 680 415 704 cnm
431 671 469 704 sint
484 672 546 714 magis
558 675 644 706 remotae
655 682 666 705 a
678 682 704 714 re,
719 682 777 716 quam
790 672 898 706 essentialia

144 731 163 756 et
175 723 298 757 accidentalia
310 724 343 765 rei,
358 734 396 758 non
412 729 496 767 possunt
508 726 579 759 habere
591 726 684 760 rationein
698 736 766 760 causae
778 727 898 768 intrinsecae,

145 778 179 811 sed
192 778 316 811 extrinsecae.
340 779 393 821 Ergo
406 779 455 813 scire
468 780 580 822 simpliciter
592 790 630 814 non
646 783 675 814 est
690 784 764 815 tantuin
780 790 815 822 per
830 791 898 814 causas

144 840 269 866 extrmsecas.

211 909 244 943 San
256 919 319 941 comui
331 920 358 941 rsa
370 911 423 952 quod
435 910 480 943 dicit
493 910 623 953 Philosophus
635 913 645 944 2
658 912 715 954 Phys.
729 922 743 945 c.
756 912 770 952 3,
786 912 838 953 qnod
853 915 899 945 tuno

145 963 229 997 maxime
242 963 290 997 scire
303 963 422 997 arbitramur
434 965 592 1008 unumquodque,
608 975 651 999 cum
665 966 736 1000 scimus
746 968 831 1008 propter
843 966 897 1008 occid,

145 1028 180 1051 sen
193 1018 242 1060 occid
255 1020 282 1052 aa
293 1018 350 1052 illius.
374 1018 412 1052 Sed
427 1019 476 1061 quic
489 1022 521 1062 est,
537 1023 558 1053 ut
572 1020 624 1053 idem
639 1021 694 1054 docet
706 1020 785 1062 ibidem,
803 1019 899 1061 significat

146 1072 275 1106 substantiam
291 1073 323 1114 rei,
339 1082 397 1115 quam
412 1083 451 1107 non
466 1073 586 1108 constituunt
602 1084 671 1108 causae
686 1075 810 1116 extrinsecae,
827 1075 860 1108 sed
872 1074 900 1107 in·

145 1126 240 1160 trinsecae
252 1127 285 1160 rei.
309 1127 362 1169 Ergo
375 1127 454 1161 scientia
466 1131 495 1161 est
507 1131 582 1162 tanturn
594 1138 629 1171 per
641 1139 709 1163 causas
721 1128 841 1162 intrinsecas.

212 1203 310 1236 Bissonum
325 1213 404 1235 nrcumuu
416 1204 469 1246 qnod
481 1204 501 1236 in
510 1205 675 1238 demonstratione
685 1207 771 1247 propter
783 1204 836 1246 qaod,
850 1214 899 1246 cquae

145 1261 175 1290 est
186 1257 259 1291 iaciens
272 1257 321 1290 scire
334 1257 451 1300 simpliciter,
467 1258 552 1291 medinm
567 1261 597 1292 est
612 1260 665 1301 qood
677 1259 727 1301 quid
739 1261 771 1292 est.
794 1259 866 1292 Verum
879 1261 900 1291 ut

145 1311 201 1344 docet
219 1312 350 1353 Philosophus
368 1313 378 1345 6
393 1312 505 1355 Metophps.
521 1322 535 1346 c.
551 1315 576 1353 17,
595 1313 672 1347 slioerco
690 1314 748 1347 inodo
766 1312 900 1346 consideratur

145 1367 200 1407 qood
209 1366 259 1408 quid
267 1369 295 1399 est
303 1376 313 1398 a
321 1366 384 1408 logico
393 1370 412 1400 et
421 1377 432 1400 a
440 1366 561 1409 philosopho.
584 1368 631 1401 Cum
641 1368 691 1401 enim
703 1367 779 1410 topicos
792 1367 900 1401 consideret

148 1420 227 1453 modum
240 1420 363 1462 praedicandi
376 1424 394 1454 et
406 1431 444 1455 non
457 1421 578 1455 existentiam
588 1422 620 1460 rei,
633 1422 728 1465 quidquid
737 1422 867 1463 respondetur
876 1423 900 1455 ad

147 1475 197 1516 quiid
210 1477 241 1517 est,
255 1474 300 1508 dicit
312 1475 409 1517 pertinere
421 1476 446 1509 ad
458 1477 511 1518 qood
524 1476 573 1518 qaid
586 1479 617 1518 cst,
631 1477 672 1510 sive
685 1478 709 1510 sit
720 1476 848 1509 intrinsecum
859 1476 900 1509 sire

147 1528 278 1562 extrinsecum
290 1529 323 1562 rei.
348 1530 372 1562 Et
384 1534 464 1572 propter
476 1531 512 1563 hoc
524 1530 568 1572 quia
581 1531 685 1573 quaerenti,
701 1533 781 1573 propter
793 1530 840 1572 quid
853 1541 870 1564 v.
882 1541 900 1572 g.

147 1582 221 1625 lapides
234 1588 252 1616 et
264 1583 333 1616 lateres
343 1587 388 1617 sunt
396 1584 472 1626 domus,
484 1587 548 1626 potest
556 1585 671 1627 responderi
679 1595 714 1627 per
722 1594 800 1618 oausam
810 1585 898 1626 finolam,

148 1640 170 1670 ut
182 1637 198 1671 si
210 1637 268 1678 dicas,
280 1640 302 1670 ut
314 1637 404 1671 defendat
416 1648 427 1671 a
438 1638 512 1680 frigore
524 1639 657 1681 temporisque
669 1638 750 1679 iniuriis,
763 1640 782 1671 et
793 1648 828 1680 per
840 1638 901 1672 attici-

149 1694 216 1733 entem,
232 1695 254 1725 ut
270 1690 286 1724 si
302 1692 426 1733 respondeas,
439 1692 471 1725 iiia
482 1702 525 1726 θεεθ
537 1693 616 1726 donnun
629 1703 665 1734 per
676 1697 738 1726 artem
750 1692 900 1726 aediiicativam:

147 1745 190 1779 ideo
199 1755 257 1779 eausa
266 1745 330 1778 finalis
339 1749 357 1779 et
365 1745 452 1779 efficiens
460 1746 521 1789 logice
530 1746 627 1788 pertinent
635 1747 659 1780 ad
669 1748 722 1789 otiosi
731 1746 781 1789 (prid
790 1749 821 1787 est,
831 1749 850 1779 θῖ
858 1756 901 1780 con-

149 1802 252 1842 sequenter
258 1800 319 1842 logice
325 1800 439 1842 potesttieri
445 1801 585 1834 demonstratio
592 1811 631 1835 non
640 1801 702 1835 sohun
711 1811 746 1843 per
755 1810 823 1834 causas
834 1800 901 1834 intrin-

148 1864 207 1896 secas,
220 1854 323 1888 sedetiam
336 1864 371 1896 per
383 1854 507 1888 extrinsecas.
528 1855 565 1888 Sed
571 1856 712 1898 philosophos,
726 1855 771 1898 qum
779 1855 901 1889 existentiam

148 1918 213 1942 rerum
226 1908 307 1951 quaerit,
320 1909 379 1942 ficiem
391 1910 422 1942 oet
431 1912 527 1952 operatam,
541 1920 585 1943 cum
594 1909 632 1943 sint
640 1910 748 1943 extrinseca
756 1909 789 1951 rei,
802 1919 843 1943 ooo
852 1919 901 1943 com-

147 1964 250 2005 prehendit
260 1963 297 1996 suh
306 1964 359 2005 qnod
369 1963 418 2006 qaid
427 1966 471 1997 arat
479 1973 529 2005 esso·
537 1968 556 1997 et
565 1964 607 1997 ideo
618 1963 758 1997 demonstratio
768 1963 902 2006 philosophica

148 2027 187 2050 non
199 2017 286 2059 procedit
298 2017 336 2050 nisi
347 2027 371 2050 ex
383 2018 446 2051 causis
459 2018 574 2051 intrinsecis.

214 2094 238 2126 Et
251 2093 278 2127 sio
290 2096 342 2135 patet
353 2105 374 2125 u>
385 2104 447 2125 Partica
460 2104 543 2126 curcum.
567 2095 616 2128 Nam
629 2098 703 2127 tantum
716 2094 790 2136 probat,
803 2094 864 2137 logice
876 2095 902 2128 lo-

148 2161 158 2189 q
162 2157 197 2181 uen
201 2149 225 2181 do
232 2157 290 2190 posse
296 2148 340 2181 fieri
347 2149 532 2182 demonstrationem
542 2148 654 2190 simpliciter
660 2159 695 2190 per
702 2158 770 2182 causas
777 2148 901 2189 extrinsecas,

148 2212 187 2234 non
200 2206 264 2235 tamen
277 2202 373 2244 loquendo
385 2202 523 2245 philosophice.

213 2257 239 2289 Ao
251 2266 333 2288 scamonii
345 2267 424 2288 nicrxoun
432 2257 485 2298 qnod
493 2266 520 2298 ea,
532 2266 581 2299 quae
592 2259 637 2290 sunt
645 2258 669 2290 ad
677 2257 742 2296 finem,
756 2259 835 2289 sumunt
847 2266 901 2289 snam

149 2310 232 2352 speciem
244 2321 255 2344 a
266 2310 305 2343 tine
316 2310 412 2352 proximo,
425 2313 446 2344 nt
454 2313 500 2344 sunt
508 2310 593 2352 moralia,
606 2311 712 2344 artificialia
720 2313 739 2344 et
747 2310 851 2343 naturalia:
863 2320 902 2344 non

148 2372 213 2398 tamen
225 2365 251 2398 ita
263 2365 316 2407 quod
327 2365 373 2398 iinis
387 2365 411 2398 sit
423 2375 481 2399 causa
492 2365 602 2407 intrinseca,
615 2366 649 2399 sed
661 2365 706 2408 quia
719 2364 787 2399 [tabita
793 2365 902 2407 proportio

150 2420 235 2452 illorum
248 2420 276 2453 od
288 2419 349 2452 fictam
361 2421 391 2452 est
402 2419 440 2453 illis
452 2419 557 2453 intrinseca
569 2423 587 2453 et
599 2420 659 2453 ueluti
671 2430 738 2453 eornm
750 2418 819 2452 torma.

212 2474 238 2506 An
250 2483 320 2505 canum
333 2484 412 2505 oicrxcuu
424 2474 477 2516 quod
489 2483 549 2516 agens
562 2473 655 2516 divinum,
668 2474 720 2517 quod
732 2476 762 2507 est
770 2473 855 2507 influens
864 2483 903 2507 esse

149 2527 182 2569 rei,
196 2531 226 2561 est
234 2537 292 2561 causa
300 2528 387 2568 essendi,
399 2531 418 2561 et
427 2528 518 2570 quamvis
526 2538 592 2561 rerum
601 2528 757 2562 constitutionem
769 2538 811 2561 oon
819 2527 903 2570 ingredi-

149 2584 197 2622 atur,
207 2585 237 2615 est
246 2586 310 2615 tamen
318 2582 432 2616 sirittliicdo
439 2582 592 2624 principiorum
601 2583 738 2616 &concitatione
744 2581 816 2624 ipsius,
825 2585 843 2615 et
851 2581 903 2615 idem

148 2636 191 2669 (lico
203 2637 227 2670 de
239 2636 286 2676 idea,
299 2646 347 2678 quae
360 2641 389 2670 est
401 2637 483 2679 ipsamet
496 2636 579 2670 essentia
592 2637 631 2670 Dei.
