1846 3062
236 187 343 228 Qunusrro
354 187 405 219 XXVI
427 188 549 221 laudunus
561 187 591 219 Vll

295 352 416 386 ARTIGULUS
428 353 531 386 SEPTIMUS

35 451 101 479 1,·’11111111
115 449 202 478 scicntia
213 450 238 477 bu
252 449 349 478 remmom
362 449 446 485 obrucre,
461 450 496 477 SED
506 450 614 485 Inoutrion,
629 449 657 477 Sl'l
670 449 791 477 SllthLIClTElt

102 502 192 530 remmon
206 502 293 530 seruum
307 502 405 538 CERTIORE‚
421 502 455 529 sub
469 502 494 530 DE
509 502 587 530 OBIECTO
602 502 724 530 IGNOBILIORE

64 609 74 631 1
82 607 162 630 1111111111
169 607 193 629 sic
199 606 304 629 racusanus.
316 597 397 631 Videtur
404 597 456 640 quod
464 596 576 640 simpliciter
583 597 608 631 sit
614 597 697 632 nobilior
705 597 789 640 scientia,

35 610 62 682 Α
75 662 124 697 quae
136 655 166 686 θεῖ
178 652 201 686 de
213 651 325 695 ignobiliori
336 651 416 695 obiecto,
429 652 463 686 sed
471 655 501 686 θεῖ
509 652 584 687 certior.
604 653 653 687 Nam
662 663 701 696 quo
710 652 790 687 scientia

35 712 65 744 est
76 707 185 751 perfectior,
197 717 220 741 eo
232 707 269 741 erit
280 707 355 741 certior.
377 707 414 741 Sed
423 718 462 750 quo
470 707 554 751 cognitio
562 710 592 742 est
603 708 712 750 perfectior,
725 717 747 742 eo
759 710 790 741 est

36 763 113 806 dignior
125 765 144 796 et
155 761 244 796 nobilior.
268 762 321 804 Ergo
337 761 415 795 scientia
430 762 500 795 certior
514 762 538 795 de
550 762 624 796 obiecto
636 762 748 804 ignobiliori
759 764 790 795 est

36 816 149 858 simpliciter
160 815 238 857 dignior
250 825 309 857 qnam
322 815 401 848 scientia
412 815 503 848 incertior
516 816 540 849 de
551 815 642 848 nobiliori
654 816 734 848 obiecto.

101 890 134 923 Sne
150 899 213 921 cerras
227 899 255 921 rsr
273 890 325 930 quod
337 889 468 931 Philosophus
480 891 490 921 2
502 891 526 923 dc
540 889 598 923 Coelo
610 899 625 922 c.
638 891 659 922 ta
670 889 721 930 dicit,
736 889 789 930 quod

35 952 128 985 magnum
140 945 170 975 θεῖ
187 942 210 976 de
225 943 285 975 rebus
300 942 416 975 coelestibus
432 942 504 984 aliquid
519 952 578 984 posse
592 951 714 985 cognoscere,
732 941 789 974 etiarn

35 995 94 1030 debili
108 998 127 1029 et
141 995 205 1038 topica
219 996 298 1038 ratione,
314 998 332 1029 et
344 998 353 1029 1
366 996 478 1040 lletopbps.
495 1006 510 1030 c.
522 998 532 1029 2
547 996 700 1040 lletaphysicam
715 995 789 1029 ratione

35 1050 104 1086 obiecti
118 1050 234 1086 nobilissimi
252 1051 320 1086 ceteris
338 1051 428 1086 omnibns
449 1051 533 1086 scientiis
554 1051 666 1095 simpliciter
681 1052 789 1094 anteponit3

35 1106 86 1140 ande
98 1108 117 1140 θῖ
128 1105 180 1139 illam
193 1109 249 1140 vocat
261 1106 451 1140 honorabilissimam
463 1110 482 1140 et
495 1107 643 1141 divinissimam.

101 1183 199 1216 Rrsrornro
214 1192 293 1214 1111111111
309 1183 361 1225 quod
380 1182 492 1225 simpliciter
510 1182 593 1216 nobilior
608 1186 638 1216 est
655 1182 687 1216 illa
705 1181 789 1223 scientia,

35 1247 84 1279 quae
99 1239 128 1270 θεῖ
143 1236 166 1270 de
181 1236 272 1269 nobiliori
286 1237 365 1277 obiecto,
383 1237 426 1270 licet
444 1237 469 1270 sit
484 1236 549 1269 minus
568 1240 619 1270 certa
637 1246 695 1279 quam
711 1235 790 1269 scientia

36 1290 106 1323 certior
119 1290 143 1322 de
155 1289 229 1322 obiecto
241 1292 305 1322 tamen
317 1289 437 1331 ignobiliore.
457 1290 487 1322 Ad
498 1289 553 1322 cuius
561 1289 678 1322 evidentiam
688 1289 790 1322 sciendum

36 1346 71 1383 est,
83 1342 136 1383 quod
148 1342 211 1375 omnis
224 1342 302 1375 scientia
314 1342 404 1374 laudatur
417 1352 438 1374 cc
450 1344 502 1376 1111.
526 1342 594 1375 Omnis
607 1345 671 1375 autem
683 1344 738 1374 actus
750 1341 790 1373 lau-

35 1396 93 1428 datur
105 1404 129 1428 cx
141 1395 229 1429 11101111.-
241 1404 265 1428 cr
276 1394 350 1428 obiecto
363 1394 485 1437 etqualitate
497 1405 531 1428 εθ11
543 1396 610 1436 niodo;
627 1396 676 1428 sicut
688 1395 790 1428 aedificare

36 1454 66 1483 est
83 1449 152 1483 melius
171 1458 230 1492 quant
250 1448 313 1483 iacere
330 1449 406 1491 lectum,
428 1449 473 1493 quia
490 1449 586 1484 obiectum
604 1448 743 1484 aedificationis
760 1451 791 1483 est

36 1504 105 1539 melius
120 1505 174 1539 lecto.
197 1505 221 1539 In
235 1505 303 1539 eodem
318 1507 382 1539 autem
399 1508 490 1548 respectu
505 1505 592 1539 eiusdem
607 1505 636 1540 rei
649 1505 693 1548 ipsa
707 1504 790 1548 qrralitas

36 1561 120 1602 gradum
129 1560 233 1602 quemdam
240 1560 295 1593 facit:
308 1559 353 1602 quia
361 1563 434 1602 quanto
442 1560 513 1593 modus
522 1560 605 1593 aedificii
613 1563 643 1594 θεῖ
651 1560 724 1601 melior,
737 1561 791 1592 tanto

36 1614 106 1648 melius
121 1618 151 1648 est
165 1613 279 1647 aedificium.
303 1613 334 1647 Sic
348 1623 395 1656 ergo
412 1613 429 1648 si
443 1614 578 1648 consideratur
593 1614 672 1648 scientia
688 1624 722 1647 seu
737 1615 791 1646 actus

36 1668 78 1701 eius
88 1678 108 1702 cc
117 1668 197 1710 obiecto,
207 1670 265 1710 patet,
275 1668 328 1710 qnod
335 1667 368 1701 illa
377 1667 456 1702 scientia
462 1671 492 1702 θεῖ
498 1668 587 1710 nobilior,
596 1678 645 1710 quac
652 1671 682 1701 θεῖ
688 1667 791 1701 meliorum

37 1724 55 1754 ct
67 1721 239 1755 honorabiliorum.
259 1721 279 1754 Si
287 1731 334 1755 vero
350 1721 484 1754 consideratur
497 1731 517 1755 cr
528 1722 628 1763 procl-itote
639 1731 674 1754 sen
685 1721 749 1761 orzocco,
764 1720 792 1752 sic

36 1774 68 1807 illa
86 1774 165 1807 scientia
180 1777 210 1806 est
226 1774 315 1814 nobilior,
333 1783 382 1814 quae
399 1777 429 1806 est
446 1774 521 1806 certior.
546 1774 576 1807 Sic
592 1783 639 1815 ergo
656 1783 695 1806 una
712 1772 791 1805 scientia

37 1827 107 1860 dicitur
118 1826 202 1859 nobilior
214 1827 278 1867 altera,
291 1828 324 1858 aut
332 1825 377 1867 quia
386 1829 415 1859 est
427 1826 529 1859 meliorum
538 1829 556 1859 et
564 1826 688 1867 nobiliorum,
700 1827 733 1858 aut
745 1824 791 1867 quia

37 1884 66 1913 θεῖ
78 1880 141 1922 inagis
154 1882 210 1913 certa.

101 1934 174 1969 Verum
188 1933 263 1978 aliquae
279 1933 368 1968 scientiae
384 1937 429 1969 suut
447 1934 539 1969 certiores
555 1935 603 1978 aliis,
622 1938 667 1969 sunt
685 1937 749 1968 tamen
767 1934 790 1968 de

36 1991 96 2024 rebus
109 1989 173 2025 minus
185 1989 341 2031 honorabilibus
354 1990 401 2024 aliae
413 2000 460 2024 vero
472 1994 539 2025 contra
552 1993 597 2024 suut
608 1991 700 2024 derebus
709 1990 791 2024 honora-

37 2044 139 2079 bilioribus
147 2048 166 2079 et
174 2044 308 2086 nobilioribus,
320 2048 366 2078 sunt
373 2048 438 2078 tamen
446 2045 511 2079 minus
520 2049 588 2079 certae.
606 2045 661 2079 Unde
669 2044 791 2087 sirnpliciter

36 2098 79 2132 illae
92 2102 137 2133 sunt
146 2100 236 2133 meliores
244 2101 263 2132 et
271 2099 376 2141 digniores,
388 2108 437 2141 quae
446 2102 492 2132 sunt
500 2100 524 2133 dc
532 2101 590 2133 rebus
600 2098 791 2133 bortorobtlioribus

38 2155 55 2186 et
69 2153 193 2187 arctioribus.
218 2153 277 2187 Cuius
292 2152 341 2187 ratio
356 2155 390 2194 est,
408 2153 453 2195 quia
468 2153 517 2187 sicut
535 2153 581 2187 dicit
595 2153 726 2195 Philosophus
742 2155 751 2184 1
767 2153 791 2185 dc

37 2206 133 2241 Portibus
141 2206 231 2240 Arrirrcal.
241 2217 255 2240 c.
264 2210 279 2248 5,
292 2206 354 2249 magis
364 2207 518 2249 concupiscimus
528 2207 577 2240 scire
585 2207 683 2240 modicum
695 2207 719 2239 de
730 2207 791 2239 rebus

37 2260 215 2294 honorabilioribus
230 2263 249 2292 et
264 2260 369 2300 altissimis,
387 2260 444 2293 etiam
460 2260 476 2292 si
491 2260 553 2302 topice
569 2264 588 2293 et
601 2260 729 2301 probabiliter
743 2259 791 2292 illud

37 2312 127 2353 sciamus,
142 2322 201 2354 quam
216 2313 265 2345 scire
279 2313 363 2345 multum
378 2315 396 2344 θῖ
411 2322 446 2354 per
461 2312 596 2345 certitudinem
612 2313 636 2345 de
650 2313 710 2345 rebus
725 2311 791 2344 minus

37 2364 141 2399 nobilibus.
164 2365 216 2399 lllud
228 2364 279 2399 enim
291 2365 349 2399 habet
361 2365 480 2399 nobilitatem
493 2375 516 2399 ex
529 2375 550 2399 se
562 2369 580 2399 et
592 2376 617 2399 ex
629 2376 664 2399 sua
676 2365 791 2407 substantia,

36 2418 73 2452 hoc
84 2428 131 2453 vero
143 2429 168 2454 ex
179 2419 237 2455 modo
250 2422 268 2454 θῖ
280 2419 380 2464 qualitate:
393 2420 506 2454 naturaliter
519 2422 583 2455 actem
591 2421 650 2456 homo
660 2420 758 2456 desiderat
765 2421 791 2464 id,

37 2474 90 2517 quod
106 2477 136 2509 θεῖ
153 2476 306 2510 substantialiter
323 2476 433 2520 perfectius.
458 2476 482 2510 Et
500 2477 527 2510 sic
544 2477 669 2511 manifestum
687 2480 722 2519 est,
738 2478 791 2521 quod

37 2529 116 2564 scientia
127 2530 219 2565 incertior
234 2531 257 2565 de
269 2531 364 2566 nobiliore
378 2531 452 2566 obiecto
467 2535 497 2565 est
512 2532 625 2574 simpliciter
639 2531 717 2575 dignior
732 2542 790 2574 quam

38 2584 116 2618 scicntia
128 2585 198 2618 certior
210 2585 233 2618 de
246 2585 320 2620 obiecto
331 2586 418 2628 ignobili.

101 2662 128 2693 An
142 2671 251 2694 1111111111
265 2672 307 2694 saco
323 2673 402 2694 nrcnrnun
418 2662 470 2704 quod
489 2662 562 2704 11111111
579 2665 609 2695 θεῖ
626 2663 727 2703 perfectio:
747 2664 792 2698 alic

37 2715 146 2747 essentialis
167 2715 271 2748 inhaerens
295 2716 399 2757 cognitioni
418 2725 454 2756 per
473 2715 561 2749 ordinem
581 2717 605 2749 ad
625 2716 727 2758 obiectum,
747 2718 793 2751 1111
