1846 3062
243 182 350 223 Qunusrio
361 183 421 216 >milii
432 183 555 217 ARTICULUS
566 184 589 216 lH
754 174 792 212 201

104 280 158 314 Unde
170 289 269 323 congruus
281 282 330 315 ordo
343 282 463 316 addiscendi
475 285 505 316 est
515 282 557 325 iste,
570 285 591 316 ut
600 283 670 326 primo
679 282 794 325 logicalibus

40 338 84 382 quis
95 336 210 378 instruatur,
225 335 270 378 quia
282 336 353 379 Logica
365 337 420 371 docet
431 338 511 372 modum
523 337 583 372 totius
596 337 738 381 Philosophiae.
761 337 794 372 Se·

41 392 106 428 cundo
115 391 261 433 mathematicis,
269 401 319 434 quae
327 402 362 426 nec
369 392 488 435 experientia
496 392 585 436 indigent
592 403 628 427 nec
635 393 794 436 imaginationem

41 446 185 481 transcendunt.
210 446 274 480 Tertio
289 446 416 489 naturalibus,
432 457 481 489 quae
496 447 532 480 etsi
547 457 586 481 non
602 449 698 481 excedunt
714 457 794 481 sensum

41 505 59 535 et
70 499 232 542 imaginationem,
245 500 348 542 requirunt
357 503 421 534 tamen
429 501 573 543 experientiam.
595 501 672 543 Qttctrto
681 502 794 543 moralibus

40 564 90 598 quae
107 554 210 596 requirunt
227 554 366 597 experientiam
387 559 405 589 et
424 556 510 589 animum
530 566 541 589 a
560 556 685 599 passionibus
704 557 794 590 liberum.
814 574 816 583 =

40 610 141 643 Postremo
155 608 300 650 sapientialibus
312 612 331 643 et
340 609 417 652 diuinis,
429 620 479 652 quae
486 610 627 644 transcendunt
635 611 794 654 imaginationem

41 667 59 696 et
74 662 176 704 requirunt
191 663 277 696 validum
292 663 414 697 intellectum.
438 664 493 697 Unde
507 664 632 698 manifestum
648 667 683 706 est,
698 664 751 706 quod
766 673 795 697 se-

42 716 126 750 cundum
140 718 231 749 naturam
245 719 264 749 et
279 716 391 758 simpliciter
406 717 482 758 priores
498 721 544 750 sunt
560 717 649 751 scientiae
665 718 795 760 speculativae

41 769 136 811 practicis.

107 844 131 877 Et
143 854 178 886 per
190 845 226 878 hoc
238 847 290 887 patet
302 845 325 878 de
337 845 388 878 facin
400 846 502 887 responsio
514 856 535 877 nn
547 856 630 877 carnorum

253 1148 256 1152 .
305 1116 427 1150 *laricanus
439 1116 531 1150 TERTIUS

114 1226 181 1254 braun
195 1220 293 1255 salnarias
308 1227 447 1256 sarcinarum
462 1227 610 1256 extramurani*
624 1226 722 1256 enitricis

72 1335 82 1355 a
94 1333 163 1355 raanan
177 1334 201 1355 src
215 1333 320 1356 rnoonnnur..
343 1324 423 1357 Videtur
438 1326 491 1367 (lirod
507 1324 596 1358 scientiae
613 1323 741 1365 speculativae
756 1333 795 1356 non

43 1335 69 1406 Α
83 1377 227 1419 praeemineant
238 1378 333 1419 practicis.
357 1378 413 1416 qnod
426 1378 477 1411 euim
492 1380 522 1412 est
536 1378 598 1420 magis
613 1377 750 1418 necessarium,
766 1381 796 1410 est

42 1431 117 1464 melius.
141 1430 178 1464 Sed
197 1431 286 1464 scientiae
303 1431 398 1473 practicae
417 1434 462 1465 sunt
478 1432 541 1474 magis
556 1431 677 1465 necessariae
694 1431 719 1464 ad
735 1431 796 1464 vitam

42 1484 153 1517 humanam.
177 1484 230 1526 Ergo
242 1484 375 1526 praeeminent
387 1484 516 1526 speculativis.

108 1540 123 1571 2.
136 1538 241 1577 Paternum,
256 1537 402 1571 architectonica
418 1538 537 1579 praeeminet
552 1536 643 1578 scientiis,
658 1536 730 1578 quibus
742 1546 797 1578 prae-

43 1591 93 1633 cipit.
114 1591 151 1625 Sed
160 1591 226 1629 civilis,
236 1601 285 1633 quae
294 1594 323 1624 est
331 1592 460 1633 practicarum
470 1591 596 1632 nobilissima,
608 1590 702 1632 praecipit
712 1589 797 1624 scientiis

44 1645 173 1687 speculativis.
197 1645 502 1687 Ergopracticaepraeeminent
515 1643 644 1686 speculativis.

109 1721 143 1754 San
159 1730 222 1752 881111
237 1731 266 1752 nsr
281 1721 333 1762 (quod
348 1720 380 1754 illa
396 1720 475 1754 scientia
489 1722 576 1763 praestat
592 1719 651 1760 alteri,
669 1729 718 1762 quae
734 1719 797 1761 magis

43 1774 115 1808 accedit
127 1775 151 1808 ad
163 1774 292 1818 cognitionem
305 1784 378 1808 causae.
400 1774 438 1808 Sed
451 1774 580 1817 speculativae
592 1774 655 1816 magis
667 1773 761 1807 accedunt
773 1774 797 1807 ad

43 1828 172 1872 cognitionem
185 1837 253 1863 causae
265 1838 324 1871 quam
336 1829 436 1872 practicae,
461 1829 514 1871 Ergo
526 1829 568 1863 illae
580 1828 713 1872 praeeminent
725 1828 761 1862 his.

109 1906 207 1940 Rrsrornao
215 1915 295 1938 1188111111
303 1906 356 1948 quod
363 1906 426 1939 omnis
433 1905 511 1948 quidem
519 1905 597 1939 scientia
604 1908 633 1939 est
640 1906 691 1939 bona
699 1908 717 1938 et
724 1906 797 1939 honum

44 1960 133 1995 hominis.
157 1961 233 1994 Bonum
245 1960 296 1993 enim
308 1960 336 1993 181
348 1963 377 1994 881
388 1960 441 2001 illud,
457 1961 564 1994 secundnm
576 1960 628 2003 quod
640 1969 672 1993 res
684 1960 742 1993 habet
754 1969 798 1993 esse

43 2016 160 2057 perfectuum
173 2015 252 2049 scientia
261 2018 325 2049 autem
333 2018 363 2049 est
371 2015 463 2057 perfectio
471 2014 561 2056 hominis,
569 2014 685 2057 inquantum
695 2016 724 2047 est
733 2014 797 2047 homo.

44 2069 174 2103 Nihilominus
189 2072 254 2103 tamen
269 2069 289 2102 in
303 2069 340 2102 hoc
353 2079 392 2102 una
409 2069 487 2103 scicntia
504 2068 579 2102 excedit
596 2068 658 2101 aliam.
682 2069 730 2101 Nam
747 2068 797 2102 inter

43 2124 95 2157 bona
110 2125 205 2166 quaedam
221 2127 267 2157 sunt
281 2123 389 2164 laudabilia,
405 2123 437 2156 illa
452 2132 482 2164 sc,
498 2132 547 2165 quae
564 2125 609 2155 snut
623 2122 686 2156 utilia
697 2122 718 2155 in
730 2123 798 2156 ordine

44 2177 68 2209 ad
80 2177 164 2220 aliquem
175 2177 240 2210 tinem.
264 2177 375 2210 Laudamus
387 2177 437 2210 enim
450 2177 523 2209 bouum
536 2186 612 2217 equum,
625 2175 659 2217 qni
671 2176 719 2209 bene
731 2175 798 2209 currit.

45 2230 143 2268 Quaedam
156 2240 203 2263 vero
216 2233 262 2263 sunt
274 2230 330 2263 ettam
346 2230 484 2271 ltoatorcbttiu,
500 2229 533 2262 illa
545 2239 576 2270 sc,
592 2238 641 2271 (luae
657 2232 703 2262 sunt
717 2233 799 2271 propter

45 2283 114 2325 seipsa.
138 2284 162 2317 Et
176 2284 220 2317 ideo
235 2283 342 2317 secundum
357 2284 403 2316 haec
418 2283 457 2316 duo
468 2285 533 2325 potest
545 2293 583 2316 una
596 2282 674 2316 scientia
687 2285 799 2324 coinparata

44 2336 99 2369 alteri
110 2336 138 2369 illi
149 2339 254 2379 praestare.
276 2337 324 2371 Cum
337 2346 383 2379 ergo
396 2336 485 2369 scientiae
498 2336 592 2378 practicae
604 2336 733 2377 sintpropter
742 2346 797 2379 opus,

46 2390 174 2431 speculativae
183 2400 229 2424 vero
237 2394 322 2433 propter
330 2391 410 2433 seipsos,
424 2393 443 2423 et
451 2399 486 2432 per
496 2399 616 2432 consequens
625 2389 667 2422 illae
677 2388 715 2422 siut
723 2391 798 2423 tantum

44 2443 156 2486 laudabiles,
165 2445 200 2478 hae
209 2454 256 2478 vero
265 2448 284 2478 et
290 2444 396 2478 laudabiles
403 2446 421 2477 et
429 2444 558 2484 honorabiles,
568 2443 693 2476 manifestum
701 2446 736 2485 est,
745 2444 799 2485 quod

44 2496 64 2529 in
76 2498 151 2532 ratione
163 2498 281 2533 honorabilis
294 2499 427 2541 praeeminent
439 2498 568 2541 speculativae
579 2497 675 2541 practicis.

110 2552 148 2586 Sed
160 2562 204 2587 cum
216 2553 279 2587 omnis
293 2553 371 2587 scientia
382 2553 408 2587 sit
419 2552 521 2587 laudabilis
534 2563 555 2587 ea·
567 2555 618 2595 118111,
634 2556 688 2586 actus
701 2562 748 2586 xero
760 2553 800 2587 lau·

45 2607 102 2641 detur
114 2617 138 2641 ex
150 2608 232 2650 duobus,
245 2618 270 2642 sc.
283 2618 307 2642 ex
319 2608 393 2643 obiecto
405 2611 424 2642 et
435 2608 527 2651 qualitate
539 2618 574 2642 seu
585 2608 649 2650 modo,
661 2607 672 2641 i.
682 2617 697 2641 e.
709 2617 733 2641 ex
746 2608 800 2642 certi·

45 2661 117 2705 tudine,
126 2663 233 2697 secuudum
239 2664 286 2697 liaeo
293 2664 331 2697 duo
337 2666 421 2707 possunt
428 2663 512 2697 conferri
518 2663 569 2696 inter
576 2672 596 2697 se
605 2662 695 2697 scientiae
704 2663 800 2705 practicae

45 2719 64 2748 et
80 2717 214 2759 speculativae.
238 2718 263 2751 Et
282 2717 377 2760 siquidem
394 2720 531 2760 comparentur
547 2727 567 2751 aa
579 2720 641 2760 parte
655 2718 711 2751 abacti
727 2727 761 2752 seu
776 2727 800 2751 ex
