1846 3062
355 139 461 180 QUAESTIO
473 139 509 171 xlv
532 139 670 172 ARTICULUSl

285 383 456 430 QUAnsrlo
473 383 744 430 DEOIMAQUARTA

360 497 398 531 DE
415 496 670 531 ENUNTlATIONE

389 606 407 627 IN
418 606 478 626 SEPTEM
489 604 578 628 tumentes
589 606 644 628 minsa

140 672 245 737 §Quone
258 693 421 727 considerandum
433 696 463 726 est
474 693 498 726 de
510 692 641 727 enuntiatione
652 692 700 735 ipsa.

211 748 236 781 nt
247 747 297 781 circa
309 747 358 781 hauc
369 748 490 790 quaeruntur
503 750 582 789 septem.

238 801 313 835 Primo:
326 804 393 835 utrum
405 801 510 835 enuntiatio
524 801 548 835 sit
560 803 614 835 actus
626 800 746 843 compositus
758 801 871 835 intellectus.

237 855 335 889 Secundo:
348 855 371 889 de
383 854 495 888 definitione
507 854 650 889 enuntiationis

237 909 310 943 Tertio:
323 911 390 943 utrum
401 909 421 942 in
433 909 564 942 enuntiatione
575 911 651 943 tanturn
664 909 689 942 sit
701 908 778 943 veritas.

239 964 321 1002 Quarto:
334 963 357 996 de
369 962 504 997 conformitate
516 962 652 996 enuntiationis
665 963 689 996 ad
701 972 738 996 res.

239 1017 318 1056 Quinto:
331 1017 355 1051 de
366 1016 450 1051 falsitate
462 1017 604 1051 enuntiationis.

239 1071 306 1105 Sexto:
322 1073 389 1105 utrum
403 1071 423 1104 in
438 1071 603 1105 enuntiationibus
615 1070 748 1114 singularibus
760 1070 784 1104 de
795 1071 862 1104 futuro
873 1069 894 1103 in

270 1125 351 1159 materia
360 1124 478 1168 contingenti
486 1135 525 1158 una
534 1124 669 1167 oppositarum
678 1124 804 1158 determinate
814 1124 839 1159 sit
847 1133 894 1158 vera

271 1181 290 1212 et
301 1179 361 1213 altera
372 1179 426 1212 falsa.

240 1233 335 1275 Sept-imo:
349 1235 415 1266 utrum
427 1232 565 1266 enuntiationis
577 1232 649 1267 veritas
663 1232 688 1266 sit
699 1234 782 1266 aeterna.

412 1394 533 1427 ARTICULUS
545 1394 625 1427 PRIMUS

234 1503 298 1531 ornum
312 1503 426 1531 annonario
440 1502 469 1530 Sl'l
482 1502 539 1532 lorus
554 1502 666 1531 ootlrcsirus
680 1501 803 1530 mmmncms

171 1609 182 1630 n
194 1609 255 1631 anunm
267 1609 290 1630 sic
302 1608 407 1630 rnocunrrua.
430 1598 511 1631 Videtur
526 1598 578 1639 quod
593 1597 736 1631 enuntiatiosit
747 1600 802 1631 actus
814 1597 897 1639 simplex

142 1610 170 1682 Α
183 1652 296 1686 intellectus.
316 1653 365 1685 Nam
377 1651 483 1685 enuntiatio
495 1651 584 1685 mentalis
596 1654 626 1685 est
634 1651 733 1694 quoddam
741 1650 839 1685 iudicium.
859 1650 897 1684 Sed

141 1704 234 1738 iudicium
243 1707 272 1738 est
278 1707 332 1738 actus
340 1704 428 1747 simplex.
441 1705 494 1746 Ergo
500 1703 606 1737 enuntiatio
612 1703 702 1737 mentalis
711 1707 801 1738 estaetus
808 1704 896 1746 simplex

209 1779 243 1813 San
255 1790 318 1811 11111
330 1790 358 1812 nsr
370 1780 422 1822 quod
431 1779 563 1822 Philosophus
574 1779 620 1813 dicit
633 1781 652 1813 n
665 1780 777 1822 lietoptps.
790 1789 804 1813 1.
817 1781 832 1820 9,
845 1780 897 1823 quod

141 1834 162 1867 in
174 1833 258 1867 secunda
270 1833 381 1875 operatione
393 1833 501 1867 intellectus
511 1843 550 1867 non
559 1834 617 1867 habet
624 1835 685 1867 totam
695 1843 750 1867 suam
760 1833 897 1876 perfectionem

142 1889 205 1929 simul,
215 1887 249 1921 sed
258 1887 278 1920 in
286 1887 350 1930 aliquo
360 1890 452 1929 tempore.
469 1887 507 1920 Sed
516 1887 533 1920 si
540 1887 591 1920 dicta
597 1886 684 1929 operatio
691 1889 742 1921 esset
748 1890 802 1921 actus
810 1887 898 1929 simplex,

144 1944 211 1984 posset
222 1941 331 1974 intellectus
343 1942 414 1975 habere
426 1943 486 1974 totam
498 1940 636 1983 perfectionem
649 1950 695 1974 suae
708 1941 802 1975 secundae
817 1940 898 1984 operati-

143 1995 186 2029 onis
199 1995 288 2029 simulet
302 1995 322 2028 in
334 1994 419 2029 instanti.
444 1995 496 2037 Ergo
512 1995 562 2028 dieta
577 1994 663 2037 operatio
677 1995 785 2029 intellectus
799 1997 829 2029 est
843 1998 898 2029 actus

144 2047 270 2091 compositus.

208 2124 306 2157 Rasnomno
323 2134 402 2156 11111111
419 2124 472 2166 quod
488 2133 567 2158 necesse
586 2127 615 2158 est
633 2124 701 2165 dicere,
722 2125 775 2167 quod
792 2125 899 2159 enuntiatio

143 2178 232 2212 mentalis
242 2178 331 2212 consistit
341 2178 475 2213 essentialiter·
481 2179 503 2213 in
510 2178 654 2221 compositione
661 2179 756 2220 plurium
762 2181 897 2221 conceptorem

143 2242 179 2275 per
191 2242 240 2275 quos
253 2241 291 2265 una
303 2241 335 2265 res
347 2232 449 2266 ordiuntur
461 2232 485 2265 ad
498 2232 583 2274 alteram,
595 2232 626 2266 oet
638 2241 673 2274 per
685 2232 838 2274 comparativam
847 2232 899 2266 attri-

143 2286 242 2320 butionem
260 2289 279 2319 et
294 2286 454 2328 compositionem
471 2287 503 2320 ool
517 2295 552 2328 per
567 2285 723 2320 differentiarum
738 2286 864 2320 remotionem
881 2290 900 2321 et

143 2340 265 2375 diuisionem.
289 2340 346 2379 Quod
358 2341 468 2382 sinpliciter
479 2340 595 2373 ostenditur.

208 2393 282 2436 Primo,
297 2404 318 2428 ec
330 2394 471 2428 ortctrttiott'one
480 2393 552 2432 vocali,
566 2403 616 2435 quae
625 2396 655 2426 est
664 2392 793 2436 significativa
800 2394 889 2429 mentalis
894 2407 898 2436 ς

143 2458 188 2482 nam
206 2458 264 2482 uoces
286 2447 397 2492 significant
415 2448 549 2491 conceptiones
570 2447 684 2481 intellectus.
712 2447 736 2481 In
755 2448 816 2482 vocali
835 2452 900 2483 autem

143 2502 275 2536 enuntiatione
290 2502 400 2536 necessario
418 2505 464 2536 suut
481 2506 522 2536 tres
541 2510 599 2536 voces
617 2500 720 2544 simplices.
743 2503 792 2537 Nam
809 2502 830 2537 in
847 2503 900 2537 omni

144 2556 277 2599 propositione
289 2556 399 2591 necessarIo
410 2558 481 2591 debent
486 2556 632 2600 praedicatum
640 2558 658 2589 et
666 2556 775 2592 sccbieotnot
784 2567 827 2592 esse
836 2557 900 2601 aliquo

144 2611 203 2645 modo
211 2611 320 2646 secundnm
329 2622 371 2646 rent
380 2611 434 2646 idem
442 2615 460 2646 11
468 2612 549 2645 diverso
557 2611 666 2645 succinctum
676 2611 782 2647 notionem.
792 2611 900 2646 Diversitas

144 2667 208 2699 autem
220 2665 301 2700 rationis
314 2669 472 2709 repraesentatur
483 2675 519 2709 per
530 2665 661 2707 pluralitatem
673 2666 754 2700 subiecti
762 2669 781 2700 et
788 2665 900 2710 praedicati,
