1846 3062
109 124 133 162 78
330 132 436 173 QUAESTIO
448 133 469 165 IX
492 133 613 166 ARTICULUS
624 134 638 166 V

108 231 160 273 quod
169 231 253 269 fuerunt,
266 231 314 263 sicut
323 230 393 272 aliquis
402 229 472 264 dicitur
480 234 540 273 pater,
552 234 656 273 postquam
665 241 688 264 ex
698 230 771 264 actione
779 230 860 265 eftectus

108 289 222 318 consecutus
240 287 274 317 est.
298 285 323 317 Et
340 284 387 318 tales
406 284 509 318 relationes
526 285 634 318 fundantur
651 295 710 327 super
727 284 752 326 id,
771 285 823 327 quod
841 285 861 317 in

107 341 176 381 agente
187 337 303 380 relinquitur
315 347 339 371 ex
350 338 429 379 actione,
445 338 486 371 sire
502 338 527 371 sit
538 338 645 380 dispositio,
662 338 703 372 sive
719 338 802 379 habitus,
820 338 861 371 siue

107 392 185 434 aliquod
197 391 228 424 ius
240 395 272 424 aut
284 394 370 432 potestas
383 392 413 424 vel
426 391 521 433 quidquid
533 391 584 425 aliud
596 394 626 425 est
638 391 755 424 huiusmodi.

172 446 198 477 Au
213 454 283 476 rranun
297 454 377 475 prosumni
396 445 449 486 quod
467 454 502 486 per
517 454 629 478 mensuram
643 445 723 486 proprie
737 443 861 486 cognoscitur

107 497 179 539 aliquid
192 497 241 530 sicut
252 506 287 537 per
295 496 411 538 principium
422 498 556 539 cognoscendi.
576 498 613 530 Per
622 498 720 530 scientiam
729 500 798 539 autem,
811 496 861 530 sicut

107 552 125 582 et
137 559 172 591 per
184 559 264 583 sensum
276 559 315 583 non
327 550 451 593 cognoscitur
463 550 536 594 aliquid
544 551 582 585 nisi
590 554 689 595 tamquam
700 561 735 594 per
742 550 830 585 habitum
842 554 861 585 et

107 603 212 646 potentiam
225 604 381 646 cognoscitiram.
403 605 427 638 Et
439 605 482 638 idco
495 606 573 639 scientia
585 606 664 649 proprie
676 616 715 640 non
727 609 757 639 est
768 614 860 640 mensura

108 657 185 700 scibilis,
203 658 237 692 sed
255 661 330 692 tantum
349 659 454 694 secundum
474 660 625 703 similitudinem,
643 664 738 704 quatenus
756 671 791 704 per
808 660 860 694 illam

107 714 242 757 cognoscimus
252 714 322 748 scibile.
343 715 399 749 Unde
408 718 426 749 et
434 715 566 758 Philosophus
578 719 681 759 postquam
694 716 748 758 dixit,
761 715 860 750 scientiam

107 771 125 802 et
139 778 219 802 sensum
234 778 277 802 esse
292 779 405 803 mensuram
424 770 496 804 scibilis
512 773 531 804 et
549 770 652 811 sensibilis,
670 771 694 804 ad
713 771 860 812 ostendendum,

107 824 160 865 quod
172 827 218 856 sunt
229 833 333 857 mensurae
344 824 452 867 improprie
461 824 515 867 atqui
524 828 663 859 mensurantur
671 825 734 868 magis
742 834 800 868 quam
809 834 861 858 rnen·

108 880 181 917 surani,
194 878 259 911 statim
272 878 343 918 subdit,
356 878 408 921 quod
421 889 466 912 vere
478 879 505 912 ita
516 883 551 913 est.
574 880 617 913 Non
629 880 680 912 enim
689 879 734 922 quia
742 888 779 912 nos
787 878 860 921 aliquid

108 932 202 965 sentimus
215 935 247 965 aut
260 932 337 974 scimus
351 932 395 965 ideo
408 932 435 966 sic
447 933 508 966 estin
520 943 586 967 rerum
598 936 673 975 natura,
688 933 722 966 sed
735 933 780 975 quia
792 933 819 965 sic
831 935 860 966 est

106 985 126 1018 in
139 996 205 1019 rerum
217 992 292 1027 natura,
307 986 350 1020 ideo
365 996 411 1020 rere
425 986 498 1028 aliquid
514 986 586 1020 scimus
599 988 629 1021 vel
642 987 741 1027 sentimus,
756 990 778 1020 ut
790 985 861 1019 dicitur

107 1041 116 1072 9
134 1040 246 1082 illctcpliys.
276 1040 330 1073 Unde
349 1040 427 1073 scientia
444 1040 529 1073 refertur
546 1041 623 1074 realiter
640 1041 664 1074 ad
682 1040 748 1074 scibile
760 1044 859 1082 tamqnam

106 1093 237 1126 mensurabile
250 1093 274 1126 ad
286 1102 403 1126 mensuram,

370 1339 492 1373 ARTICULUS
504 1339 597 1381 QUINTUS

194 1440 257 1468 tratti
271 1440 350 1469 antinno
365 1440 458 1468 neaman
472 1440 608 1469 marmaritim<
622 1442 634 1469 Α
649 1441 772 1470 continuatio

107 1547 145 1619 Aa
154 1548 223 1575 θεῖτε-ε
229 1549 252 1569 sn:
258 1548 363 1569 rnocsuuun.
379 1538 459 1570 Videtur
465 1538 518 1579 quod
523 1538 590 1570 relatio
597 1547 636 1571 non
643 1537 774 1580 distinguatur
783 1537 860 1570 realiter

147 1592 300 1625 aiuudamcnto.
324 1591 397 1625 Relatio
410 1591 461 1624 enim
475 1601 514 1625 non
529 1591 574 1624 iacit
590 1591 749 1634 compositionem
765 1601 808 1625 cum
824 1602 860 1626 suo

105 1647 238 1687 fundamento7
253 1650 275 1679 ut
286 1646 376 1679 identitas
389 1655 433 1678 cum
446 1645 559 1686 substantia,
575 1645 680 1688 aequalitas
695 1655 738 1679 cum
754 1646 859 1688 quantitate

106 1704 125 1734 et
137 1700 243 1734 similitudo
256 1709 299 1732 cum
312 1699 408 1741 qualitate.
431 1699 468 1732 Sed
481 1699 548 1732 relatio
560 1699 632 1732 iaceret
644 1698 803 1740 compositionem
816 1709 859 1732 cum

107 1764 142 1786 suo
153 1753 285 1793 luridanieuto,
298 1753 314 1786 si
327 1756 378 1786 esset
390 1752 459 1785 entitas
472 1752 570 1785 relationis
583 1752 660 1785 realiter
672 1752 762 1786 distincta
773 1753 860 1786 aiunda·

106 1810 176 1839 mento.
200 1807 253 1848 Ergo
265 1806 333 1838 relatio
345 1815 383 1838 non
396 1805 525 1847 distinguitur
536 1815 547 1838 a
558 1805 690 1838 fundamento.

171 1881 204 1915 San
217 1891 279 1913 conum
291 1891 319 1912 usr
334 1881 386 1922 quod
400 1880 433 1913 illa
447 1880 524 1913 realiter
540 1880 692 1923 distinguuntur,
709 1889 758 1922 quae
774 1883 819 1914 sunt
833 1880 859 1914 ita

105 1935 183 1968 diversa
205 1935 311 1968 secundum
332 1944 380 1975 esse,
402 1934 454 1976 quod
472 1943 516 1967 esse
533 1934 591 1967 unius
612 1937 642 1968 est
661 1933 858 1976 imperfectissimum,

105 1988 247 2022 debilissimum
262 1992 280 2022 et
294 1991 422 2031 postremum,
438 1988 464 2022 ita
481 1991 503 2022 ut
518 1988 583 2031 exigat
598 1988 680 2023 aliorum
695 1998 738 2023 esse
752 1988 829 2022 licinius
841 1991 860 2023 et

105 2043 215 2086 perfectius7
231 2043 252 2077 in
266 2053 305 2086 quo
317 2043 415 2078 fundetur.
440 2043 477 2078 Sed
492 2043 512 2077 in
528 2043 671 2086 comparatione
685 2044 709 2077 ad
725 2043 859 2086 substantiam,

105 2099 232 2142 quantitatem
250 2102 269 2132 et
290 2099 396 2142 qualitatem
414 2099 481 2132 relatio
497 2099 556 2133 habet
573 2108 616 2133 csse
631 2098 823 2141 irnpei·iectissin1urrr
841 2101 860 2132 et

105 2154 246 2196 praesupponit
257 2153 308 2187 entia
319 2154 417 2195 praedicta
430 2156 448 2187 et
464 2153 567 2196 aliquando
585 2152 642 2186 etiam
657 2153 751 2187 actionem
767 2155 785 2186 et
799 2152 860 2195 passi-

105 2217 167 2241 onem.
191 2208 244 2250 Ergo
256 2207 323 2240 relatio
336 2207 463 2250 distinguitur
475 2207 552 2240 realiter
564 2216 575 2239 a
587 2207 719 2240 fundamento.

170 2283 268 2316 Rasroxnro
283 2293 362 2314 nrcrmuu
377 2283 429 2324 quod
444 2292 523 2315 necesse
538 2284 568 2314 cst
583 2281 646 2314 dicere
658 2281 770 2314 relationem
782 2281 859 2315 realiter

105 2336 199 2377 distingui
207 2346 217 2369 a
226 2346 261 2369 suo
270 2336 401 2369 fundamento.
421 2335 477 2374 Quod
486 2334 597 2377 dupliciter
605 2334 730 2368 manifestum
738 2344 782 2368 csse
790 2337 859 2376 potest.

105 2391 130 2423 Et
142 2390 220 2432 quidem
226 2390 295 2431 primo
305 2399 329 2422 ex
337 2390 411 2422 ratione
419 2388 499 2431 propria
507 2387 606 2421 relationis
615 2397 650 2429 per
658 2388 750 2421 ctutum
759 2389 783 2421 ad
791 2388 859 2422 funda·

104 2447 196 2477 mentum.
220 2444 269 2476 Nam
287 2443 350 2476 omnis
368 2453 426 2476 causa
442 2442 501 2475 realis
518 2441 624 2474 materialis
642 2444 661 2474 et
678 2441 765 2474 efficiens
782 2441 859 2475 realiter

105 2497 231 2540 distinguitur
243 2507 254 2529 a
267 2506 302 2529 suo
314 2496 389 2538 ellectu,
402 2496 447 2538 quia
459 2496 514 2529 nihil
527 2497 555 2528 est
567 2504 629 2528 causo
640 2495 673 2528 sni
684 2495 754 2537 ipsius.
774 2496 799 2529 Ut
807 2495 858 2529 enim

105 2551 159 2583 docet
169 2551 190 2584 Ι).
198 2550 303 2584 Anselmus
315 2550 335 2582 in
343 2550 375 2583 libi
387 2551 411 2583 dc
418 2550 546 2583 Processioue
554 2548 645 2590 Spiritus
653 2547 729 2591 Suttcti,
743 2559 778 2583 nec
789 2552 859 2583 natura

104 2604 198 2645 permittit
215 2614 250 2638 nec
267 2604 375 2638 intellectus
391 2604 442 2647 capit
458 2603 573 2638 existentem
591 2602 614 2635 de
632 2602 696 2645 aliquo
712 2613 760 2646 esse,
778 2604 802 2638 de
820 2614 858 2647 quo

105 2657 178 2700 existit;
191 2662 210 2693 et
221 2659 344 2703 Augustinus
352 2659 381 2694 l.1
392 2660 416 2694 de
425 2659 496 2693 Triait.
509 2668 523 2693 c.
536 2660 555 2692 1:
568 2657 620 2691 nulla
632 2667 670 2701 res,
682 2658 750 2702 inquit,
762 2662 797 2702 est,
809 2669 859 2703 quae
