1846 3062
264 112 371 153 QUAESTIO
383 112 420 145 niv
442 113 563 147 ARTICULUS
575 113 589 143 V

312 254 434 287 ARTICULUS
445 255 538 295 QUINTUS

229 353 290 380 Ul'llllltl
304 352 390 381 rtnsrrts
404 353 433 381 SIT
446 353 467 381 IN
481 354 621 382 ENUNTIATIONE

79 450 88 470 u
97 450 166 477 quirum
173 450 197 471 sic
204 449 308 471 1111111111.
324 439 405 472 Videtur
411 439 464 481 quod
472 439 547 473 falsitas
556 450 595 473 non
605 440 629 474 sit
637 440 657 474 iu
665 440 802 474 enuntiatione.

90 492 140 526 Dicit
152 493 203 526 enim
212 492 362 534 Philosophusa
373 492 480 526 cenitana
489 503 504 526 c.
513 495 528 534 6,
540 494 593 535 quod
605 494 713 528 intellectus
725 503 803 537 semper

48 550 79 582 est
90 549 160 587 rectus,
175 557 223 589 ergo
238 549 257 580 et
271 546 313 580 eius
325 546 412 589 operatio
428 556 504 589 semper
519 550 549 581 est
564 551 620 582 recta.
644 549 681 583 Sed
696 547 803 582 enuntiatio

49 605 79 635 est
91 601 177 643 operatio
189 600 303 634 intellectus.
327 601 380 642 Ergo
392 600 412 633 in
424 600 456 634 illa
467 611 507 634 non
519 604 549 634 est
559 602 640 635 falsitas.

116 675 149 709 San
164 685 227 707 corrui
241 685 269 706 asr
284 675 337 717 quod
353 674 483 717 Philosophus
497 676 517 708 in
533 679 541 709 1
557 677 665 710 Pcrilcerm.
680 686 695 710 e.
709 678 720 709 4
734 675 803 710 definit

49 729 207 770 enuntiationem
219 729 272 771 quod
284 731 314 762 est
326 729 393 770 oratio,
405 729 425 762 in
437 739 476 771 qua
488 732 517 763 est
529 739 598 763 verum
610 730 642 764 vel
652 730 730 764 falsum.

116 806 213 839 Rasroruro
221 815 300 837 nicarum
312 805 365 848 quod
377 805 422 847 quia
434 806 507 839 ueritas
519 806 550 839 vel
561 806 636 840 falsitas
648 808 678 840 est
690 806 710 839 in
718 805 804 839 enuntia-

50 859 101 893 tione
113 858 174 893 vocali
186 858 236 892 sieut
247 858 267 892 in
279 859 338 901 siquo
347 858 455 893 intellectus
463 859 506 893 reri
514 862 532 893 et
540 859 590 899 falsi,
601 860 645 893 ideo
654 859 698 893 siin
706 859 804 893 intellectu

50 923 85 947 seu
96 913 116 946 in
128 912 260 946 enuntiatione
275 912 353 946 mentali
365 912 465 946 invenitur
476 913 551 946 falsitas
564 916 662 955 tamquam
678 913 698 946 iu
710 913 803 954 subiecto,

50 967 117 1001 eadem
129 966 166 1000 erit
177 966 197 999 111
209 966 270 1000 vocali
288 969 386 1008 tamquam
399 966 419 999 iu
432 965 497 1009 signo3
513 970 532 1000 et
546 976 582 1008 per
593 976 715 1009 consequens
730 967 804 1000 dicetur

50 1019 156 1054 enuntiatio
168 1020 223 1053 falsa.

118 1074 143 1107 Ut
156 1084 202 1108 vero
211 1073 336 1117 intelligatur,
348 1075 446 1116 quomodo
458 1074 478 1108 in
490 1075 588 1108 intellectu
600 1075 630 1108 vel
642 1075 662 1108 in
674 1074 805 1108 enuntiatione

51 1128 129 1162 mentali
144 1127 226 1169 reperiri
241 1127 304 1170 possit
317 1127 398 1169 falsitas,
414 1128 577 1162 considerandum
592 1131 627 1170 est,
643 1129 696 1170 qnod
711 1128 760 1162 sicut
772 1137 804 1161 res

51 1183 108 1216 habet
120 1192 163 1216 esse
174 1191 210 1224 per
222 1181 322 1224 propriam
333 1181 422 1223 formam,
435 1182 461 1215 ita
473 1182 536 1216 virtus
549 1182 681 1225 cognoscitiva
692 1183 751 1216 habet
762 1191 805 1223 cog-

50 1245 131 1270 noscere
142 1245 178 1277 per
190 1235 336 1269 similitudinem
348 1236 376 1269 rei
388 1236 480 1278 cognitae.
501 1237 555 1270 Unde
565 1236 614 1270 sieut
622 1246 654 1270 res
662 1235 756 1269 naturalis
765 1245 804 1269 non

51 1289 116 1323 deficit
127 1290 152 1323 ab
163 1299 212 1330 esse,
227 1289 279 1332 quod
296 1288 333 1322 sibi
345 1289 437 1331 oonipetit
449 1290 556 1323 seeundum
569 1299 624 1323 suam
636 1289 725 1330 formam,
740 1292 805 1331 potest

50 1346 115 1377 antem
127 1343 209 1377 deficere
221 1343 245 1376 ab
258 1342 355 1385 aliquibus
367 1343 517 1377 accidentalibus
529 1343 559 1376 vel
568 1343 742 1385 consequeutibus5
756 1342 805 1376 sicut

51 1398 109 1431 homo
118 1398 142 1430 ab
151 1397 192 1433 hoc.
205 1396 258 1439 quod
269 1398 299 1429 est
311 1396 382 1430 habere
394 1396 443 1429 duos
456 1396 521 1438 pedes,
533 1406 572 1429 non
584 1399 649 1430 autem
661 1398 686 1430 ab
698 1397 739 1437 hoc
752 1396 805 1438 quod

51 1453 81 1485 est
93 1460 136 1485 esse
148 1450 256 1484 hominem:
268 1450 295 1483 ita
306 1450 370 1484 virtus
379 1450 511 1493 cognoscitiua
519 1460 558 1484 non
567 1449 632 1484 deficit
639 1451 660 1483 in
669 1449 804 1493 cognoscendo

51 1507 141 1547 respectu
153 1504 204 1537 illius
217 1504 250 1545 rei,
266 1503 320 1537 cuius
337 1504 463 1538 similitudine
477 1504 604 1546 informatum
617 1507 683 1547 potest
696 1504 806 1538 1111111111-

52 1559 111 1593 ficere
124 1558 178 1592 circa
193 1558 275 1600 aliquid
290 1568 410 1600 cotescqqena
425 1559 453 1592 ad
468 1559 535 1601 ipsam
551 1559 581 1592 111
597 1558 689 1592 occidens
706 1558 729 1592 11.
753 1557 806 1591 Sicut

52 1613 107 1647 visus
124 1622 164 1645 non
181 1612 276 1653 decipitur
291 1612 341 1645 circa
356 1612 447 1646 sensibile
461 1613 569 1655 proprium,
589 1613 622 1646 sed
641 1612 690 1646 circa
707 1611 806 1646 sensibilia

52 1666 166 1705 communia,
178 1675 228 1708 quae
236 1669 377 1708 consequenter
386 1676 406 1700 se
414 1667 487 1700 habent
498 1667 522 1700 ad
532 1677 559 1708 ea,
571 1669 590 1700 et
602 1666 652 1700 circa
664 1665 763 1700 sensibilia
771 1675 806 1708 per

51 1721 145 1755 accidens.
169 1719 222 1755 Sicut
237 1723 302 1754 autem
318 1729 388 1754 sensns
402 1719 520 1754 informatur
535 1720 607 1754 directe
623 1720 748 1754 similitudine
763 1729 807 1761 pro-

52 1775 140 1817 priorum
154 1774 280 1814 sensibilium,
292 1774 319 1807 ita
330 1774 438 1808 intellectus
451 1775 569 1808 informatur
580 1775 600 1807 111
609 1775 692 1817 simplici
700 1774 807 1816 apprehen-

53 1829 107 1863 sione
116 1827 241 1862 similitudine
249 1828 363 1871 quidditatis
371 1828 405 1862 rei.
421 1828 475 1862 Unde
484 1829 534 1862 cirea
543 1829 597 1870 quod
605 1828 654 1871 qaid
663 1831 691 1862 est
698 1827 806 1861 intellectus

52 1893 92 1917 non
103 1882 207 1926 decipitur:
221 1882 270 1916 siout
282 1891 344 1924 neque
357 1892 427 1916 sensus
440 1883 490 1916 eirca
502 1882 601 1916 sensibilia
613 1882 698 1924 propria.
721 1882 744 1915 Iu
757 1891 807 1915 coni-

52 1937 142 1980 poneudo
154 1946 201 1971 vero
213 1937 244 1971 vel
256 1936 361 1970 dividendo
376 1938 440 1978 potest
455 1936 522 1979 decipi,
537 1937 584 1970 dum
599 1936 687 1970 attribuit
702 1937 735 1978 rei,
751 1935 807 1970 cuius

52 1991 180 2034 quidditatem
196 1990 290 2034 intelligit,
305 1990 383 2033 aliquid,
399 1991 451 2034 quod
467 2001 509 2025 eam
521 2001 560 2025 non
573 1990 699 2034 consequitur
711 1991 742 2025 vel
754 1990 807 2033 quod

52 2047 69 2080 ei
81 2056 120 2079 uon
133 2045 205 2088 accidit,
219 2045 253 2079 sed
265 2045 375 2088 opponitur.
396 2045 427 2079 Sic
437 2045 488 2079 enim
501 2056 521 2079 se
534 2046 592 2080 habet
603 2046 711 2079 intellectus
723 2045 748 2079 ad
759 2044 808 2079 iudi-

53 2101 135 2134 candum
148 2101 172 2134 de
184 2099 302 2141 huiusmodi,
319 2099 368 2134 siout
384 2109 453 2134 sensus
466 2100 626 2134 adiudicandum
643 2100 666 2133 de
682 2099 807 2133 sensibilibus

53 2154 189 2189 communibus
201 2154 233 2188 vel
244 2164 279 2197 per
291 2154 384 2188 accidens.

117 2209 166 2249 Quia
175 2219 222 2243 vcro
230 2209 305 2243 falsitas
314 2208 422 2243 intellectus
429 2219 466 2251 per
474 2219 494 2243 se
501 2210 567 2243 11111111
578 2209 632 2243 circa
642 2208 806 2251 conpositionem

53 2264 161 2298 intellectus
173 2266 207 2306 est,
217 2273 255 2306 per
268 2263 360 2297 accidens
372 2263 428 2297 etiam
441 2262 461 2296 in
472 2263 584 2305 operatione
592 2263 705 2303 intellectus,
718 2272 757 2305 qua
765 2271 808 2304 cog-

53 2318 116 2352 noscit
128 2319 181 2361 qnod
193 2317 243 2360 qnid
255 2320 287 2359 esf,
301 2320 366 2360 potest
377 2327 420 2351 esse
431 2317 512 2356 falsitas,
524 2317 639 2360 inquantum
652 2316 679 2351 ibi
692 2316 807 2358 compositio

53 2372 161 2406 intellectus
176 2371 303 2406 odiniscefcr.
327 2371 384 2410 Quod
401 2375 466 2414 potest
483 2381 526 2405 esse
544 2372 659 2414 (1111111111.
686 2370 728 2405 Uno
744 2370 808 2410 modo,

55 2426 161 2459 secundum
173 2426 226 2468 quod
238 2426 346 2459 intellectus
358 2425 491 2459 definitionem
503 2424 562 2459 unius
573 2425 661 2460 attribuit
673 2424 737 2465 alteri;
754 2427 776 2457 ut
791 2424 808 2458 si

53 2478 186 2513 definitionem
202 2479 267 2513 circuli
282 2479 375 2513 attribuat
389 2479 469 2513 homiui.
492 2479 539 2513 Alio
554 2480 617 2520 modo,
633 2479 740 2512 secundum
755 2479 808 2520 quod

53 2536 119 2576 partes
137 2532 256 2567 definitionis
274 2533 373 2577 eomponit
390 2535 414 2567 ad
431 2533 520 2575 invicem,
538 2543 587 2575 quac
606 2533 664 2566 simul
682 2532 752 2566 sociari
769 2542 809 2566 uon

53 2591 142 2630 possunt.
166 2588 191 2622 Ut
203 2588 220 2621 si
230 2588 303 2622 formet
315 2588 372 2622 talem
387 2588 530 2622 definitionem:
547 2588 628 2621 11111111
644 2587 749 2621 rationale
761 2597 809 2630 1111-

54 2642 133 2685 cti-opes.
158 2642 182 2675 nt
199 2645 280 2685 propter
292 2643 328 2677 hoc
342 2643 362 2676 in
378 2642 512 2684 cognoscendo
527 2641 646 2684 quidditates
659 2641 757 2684 simplices
770 2652 809 2675 non
