1846 3062
114 132 139 169 52
331 138 437 178 QUAESTIO
449 138 471 170 Vl
493 138 615 171 hartuinus
626 139 649 170 HI

114 237 217 279 attingunt,
233 237 269 269 sub
285 235 347 276 specie
359 234 490 275 continentur,
507 244 639 277 quaecumque
654 238 718 268 autem
733 236 826 269 recedunt
841 237 865 269 ab

114 291 147 324 illo
159 290 189 323 vel
201 290 220 322 in
232 290 276 331 plus
291 289 322 322 vel
336 288 356 321 in
371 288 441 329 minus,
457 288 555 330 pertinent
569 289 593 322 ad
608 289 665 322 aliam
680 288 762 330 speciem
778 289 809 322 vel
824 299 866 331 per-

114 344 213 377 fectiorem
225 343 256 376 vel
264 342 432 384 imperfectiorem.
453 342 472 376 Si
480 342 540 385 igitur
550 342 614 384 aliqua
621 342 685 375 torma
693 343 724 376 vel
732 352 865 385 quaecumque

114 408 146 431 res
159 397 265 431 secuudum
278 406 298 429 se
309 396 373 438 ipsam
384 397 416 430 vel
427 396 500 439 aliquid
512 396 542 430 sui
554 396 635 430 sortitur
645 396 733 439 speciem,
744 406 823 430 necesse
831 399 865 439 est,

114 451 166 493 quod
178 450 290 483 huiusmodi
301 450 376 483 iormae
388 459 423 483 nec
434 450 559 483 intendantur
571 459 606 483 neo
617 450 741 483 remittantur
753 453 772 483 et
786 460 826 484 non
837 460 866 484 re·

114 504 185 546 cipiant
199 503 262 546 magis
277 503 308 537 vel
323 503 393 537 minus.
417 503 470 537 Sient
485 513 536 537 unus
551 504 609 537 homo
625 513 664 537 11011
682 506 712 537 051
729 503 791 546 magis
807 504 865 538 homo

114 568 173 601 quam
185 558 238 591 alter.
261 558 297 591 illa
309 567 361 600 vero,
374 568 423 600 quae
435 557 531 600 recipiunt
543 557 626 600 speciem
639 569 660 592 en
672 558 742 601 aliquo
752 557 864 601 eatrinseco,

115 613 142 645 acl
154 613 207 654 procl
220 612 348 653 ordinantem,
362 615 445 654 possunt
458 612 564 645 secundum
573 621 593 645 se
601 612 645 654 ipsa
655 612 783 646 diversificari
792 612 812 645 in
821 613 866 654 plus

114 666 145 699 vel
156 666 230 706 minus,
243 668 261 699 et
273 665 399 699 nihilominus
412 669 458 699 sunt
470 666 537 699 eadem
550 665 612 707 specie
624 668 705 708 propter
717 666 810 699 unitatem
819 666 866 708 eius,

114 720 139 753 ad
147 720 200 762 quod
208 719 328 761 ordinantur,
337 729 361 753 ex
369 729 407 762 quc
416 719 511 762 recipiunt
520 719 608 762 speciem.
624 719 677 753 Sicut
685 722 750 753 motus
760 721 866 753 secundum

115 784 135 807 se
147 776 177 807 est
188 773 282 807 intensior
294 776 313 807 et
324 773 435 814 remissior,
448 776 467 806 et
476 775 540 806 tamen
548 776 635 806 remanet
643 773 710 806 eadem
719 773 793 815 species
801 776 866 806 motus

115 831 196 871 propter
207 828 300 862 unitatem
312 827 395 870 1011111111,
407 837 431 861 ex
443 837 482 870 quo
495 827 622 870 specificatur.
642 828 667 861 Et
678 827 729 861 idem
742 827 835 869 contingit
847 826 867 860 in

116 882 202 916 sanitate.
228 883 277 915 Nam
295 891 366 924 corpus
384 881 477 924 pertingit
494 882 519 915 ad
536 881 630 915 rationem
649 881 742 923 sanitatis,
760 881 867 915 secundum

115 937 168 979 quod
176 937 234 970 habet
243 936 390 979 dispositionem
400 936 546 970 convenientem
554 939 634 970 naturae
643 935 736 977 animalis,
745 935 775 969 cui
783 937 867 978 possunt

115 990 253 1033 dispositiones
271 990 360 1024 diversae
378 990 515 1024 convenientes
531 1000 579 1031 esse,
597 991 649 1023 unde
664 992 728 1032 potest
743 989 815 1023 variari
830 989 867 1022 dis·

115 1045 185 1087 positio
197 1044 218 1077 in
229 1045 274 1087 plus
286 1045 317 1078 vel
329 1044 403 1086 minus,
419 1047 437 1078 01
449 1047 513 1078 tamen
526 1054 603 1087 semper
614 1046 701 1077 remanet
713 1043 800 1077 sanitatis
812 1043 867 1076 ratio.

115 1099 147 1133 Sic
157 1099 218 1142 igitur
230 1098 338 1139 dicendum,
350 1099 403 1141 quod
415 1098 478 1132 onmis
490 1098 558 1140 torma,
573 1108 622 1140 quae
634 1098 799 1131 substantialiter
810 1096 867 1140 parti·

115 1153 190 1195 cipatur
201 1163 212 1186 a
225 1152 315 1193 subiecto,
331 1154 382 1185 caret
396 1152 504 1185 intensione
519 1155 538 1185 et
552 1151 667 1185 remissione
679 1161 714 1185 nec
725 1151 793 1193 recipit
804 1150 867 1194 magis

115 1207 146 1240 vel
158 1207 228 1248 minus,
240 1206 285 1249 quia
297 1209 373 1240 0510115
385 1216 420 1248 per
433 1216 458 1240 se.
481 1207 563 1240 Formae
576 1197 628 1247 vero,
643 1206 750 1239 secundum
762 1215 811 1248 quas
824 1206 868 1239 sub-

114 1261 185 1295 iectmn
193 1261 235 1294 illas
245 1260 363 1303 participans
372 1261 477 1294 nonhabet
486 1260 574 1302 speciem,
585 1263 607 1293 ut
617 1262 663 1293 sunt
671 1260 727 1301 calor,
736 1259 805 1302 frigus,
814 1259 867 1300 odor,

115 1315 172 1357 color,
185 1317 203 1349 et
215 1315 239 1348 de
251 1325 334 1357 quarum
345 1314 419 1348 ratione
431 1324 470 1348 non
482 1317 512 1348 est
523 1314 674 1356 indivisibilitas,
690 1316 712 1347 ut
727 1316 772 1347 sunt
790 1313 867 1347 habitus

115 1375 134 1402 01
146 1369 289 1412 dispositiones,
301 1368 442 1411 participantur
455 1368 562 1402 secundum
574 1367 637 1411 magis
649 1370 668 1401 01
679 1367 750 1407 minus,
765 1367 810 1410 quia
823 1368 868 1401 sunt

115 1423 178 1466 magis
185 1423 279 1457 distantes
286 1433 297 1456 a
304 1423 413 1456 substantia
421 1426 440 1456 et
446 1422 591 1465 coniunguntur
598 1421 705 1455 actionibus
712 1424 731 1455 et
737 1421 867 1464 passionibus.

117 1478 142 1510 Et
154 1478 181 1511 sic
192 1478 295 1511 manifesta
306 1480 336 1511 est
350 1477 418 1520 quinta
432 1477 542 1519 proprietas
558 1476 682 1517 substantiae,
697 1476 725 1508 illi
739 1478 804 1509 tamen
819 1485 869 1509 com-

116 1531 181 1565 munis
199 1541 242 1565 cum
260 1531 326 1565 multis
342 1531 389 1573 aliis,
405 1534 427 1565 ut
443 1530 551 1574 quantitati,
569 1530 656 1564 numeris
671 1532 690 1563 et
704 1530 775 1573 liguris
790 1532 809 1563 01
826 1529 868 1563 aliis

117 1586 248 1628 qualitatibus.

183 1651 242 1685 Serta
254 1653 318 1684 autem
332 1650 442 1692 proprietas
457 1649 577 1684 substantiae
592 1649 666 1692 primae
680 1652 772 1691 tanquam
789 1648 817 1681 illi
833 1648 869 1682 soli

116 1705 233 1739 conveniens
246 1707 280 1746 est,
293 1704 345 1747 quod
357 1704 424 1737 eadem
433 1713 513 1737 manens
522 1713 604 1737 numero
614 1703 639 1737 sit
647 1703 760 1746 susceptiva
770 1702 868 1736 contrari-

116 1769 180 1793 orum.
205 1758 317 1793 Substantia
331 1758 388 1799 enirn,
405 1761 427 1791 ut
442 1758 487 1791 dicit
502 1758 633 1800 Philosophus
648 1757 668 1790 in
683 1757 808 1791 Praedicare.
824 1766 838 1790 c.
853 1758 868 1798 5,

116 1824 160 1847 cnm
172 1823 233 1847 unum
245 1816 264 1847 et
275 1813 327 1846 idem
335 1822 416 1846 numero
426 1812 455 1853 sit,
468 1812 564 1846 contraria
573 1812 671 1854 suscipere
679 1813 748 1854 potest,
760 1813 782 1845 ut
790 1810 869 1853 quidam

116 1869 179 1908 homo,
192 1878 236 1901 cum
247 1877 299 1901 unus
311 1869 329 1900 et
340 1867 392 1900 idem
404 1870 438 1909 est,
450 1867 549 1900 interdum
561 1866 634 1900 calidus
647 1868 665 1899 et
676 1865 761 1909 frigidus
773 1865 870 1899 111011111-

116 1923 191 1965 probus
203 1932 225 1955 ac
233 1922 314 1964 probus.
336 1921 395 1955 cuius
405 1921 454 1954 ratio
462 1923 497 1963 051,
509 1920 559 1963 qnia,
573 1921 589 1954 si
598 1920 663 1963 aliqua
671 1920 762 1953 dicuntur
771 1919 869 1962 suscipere

116 1976 217 2019 contraria,
235 1986 274 2009 non
291 1976 327 2009 hoc
344 1975 382 2009 11115
400 1975 490 2009 convenit
506 1975 544 2009 nisi
560 1975 634 2008 ratione
651 1974 770 2008 substantiae
785 1974 870 2017 primae:

116 2031 162 2073 quia
179 2030 272 2064 nimirum
289 2031 335 2064 haec
350 2030 391 2064 sola
405 2033 435 2064 est
450 2030 558 2064 subiectum
576 2030 661 2072 primum
676 2031 790 2063 cilsteittans
805 2027 870 2061 onmia

116 2084 226 2118 accidentia.

181 2161 208 2194 An
220 2171 282 2192 rmnun
293 2171 335 2192 anco
349 2171 429 2193 nrcnnnun
443 2161 496 2203 quod
510 2170 550 2193 non
564 2169 607 2193 esse
622 2159 642 2192 in
654 2159 740 2193 subiecto
752 2160 782 2192 051
793 2158 870 2203 negatio

116 2216 211 2249 denotans
224 2214 326 2257 specialem
338 2215 418 2248 modum
430 2214 508 2248 essendi
524 2213 648 2255 substantiae,
664 2223 699 2256 per
714 2222 770 2255 quem
786 2212 870 2255 positive

116 2269 211 2304 dividitur
223 2272 291 2303 contra
302 2269 396 2303 accidens.

182 2346 208 2378 An
217 2355 299 2377 srcurnun
307 2355 387 2377 nrcnnnuu
396 2345 449 2388 qnod
457 2344 546 2378 accidens
555 2343 665 2387 dupliciter
673 2345 737 2386 potest
746 2342 870 2376 considerari.

120 2400 162 2433 Uaro
175 2399 233 2433 modo
245 2409 280 2441 per
289 2399 452 2441 comparationem
461 2399 485 2433 ad
494 2409 529 2432 sua
537 2397 634 2439 inferiora,
647 2400 669 2430 ut
677 2397 729 2431 color
738 2406 773 2439 per
782 2396 870 2430 ordinem

117 2454 142 2487 ad
154 2453 262 2487 albedinem
274 2457 293 2486 et
304 2453 431 2496 nigredinem.
452 2454 476 2486 Et
488 2453 524 2487 hoc
535 2453 594 2486 modo
604 2452 656 2485 color
667 2454 697 2485 est
705 2461 767 2494 genus
776 2450 870 2485 albedinis

117 2510 136 2541 et
148 2510 289 2550 consequenter
300 2507 381 2541 univoce
394 2508 417 2541 de
429 2507 461 2540 illa
472 2507 605 2550 praedicatum
618 2515 663 2539 nam
675 2506 711 2539 hoc
722 2508 752 2539 051
763 2506 787 2539 (10
796 2505 870 2539 ratione

118 2562 200 2604 generis.
219 2561 266 2595 Alio
279 2562 337 2595 modo
349 2571 384 2604 per
393 2561 556 2604 comparationem
565 2560 589 2593 ad
599 2560 728 2593 substantiam
736 2560 825 2602 primam.
846 2559 871 2592 Et

119 2616 155 2648 hoc
166 2616 224 2649 modo
235 2625 275 2649 non
287 2617 351 2658 potest
362 2615 470 2657 praedicari
482 2614 569 2655 univoce,
582 2614 616 2647 sed
629 2613 777 2648 denominative.
796 2613 871 2647 Dicitur

118 2668 175 2710 enim,
187 2669 240 2710 quod
251 2670 309 2703 homo
321 2672 351 2703 est
363 2669 424 2711 albus,
436 2679 476 2703 non
488 2671 558 2710 autem,
571 2668 623 2710 quod
635 2668 693 2702 homo
705 2671 735 2702 est
747 2668 821 2702 albedo.
