1846 3062
254 208 360 249 queastio
372 208 424 241 xum
447 208 568 241 ARTlCULUS
579 208 602 240 tu
765 198 804 235 229

50 306 131 340 alicuius
143 305 171 339 rei
182 305 320 348 intellectualis,
333 306 384 340 unde
396 306 495 349 quidditas
503 310 522 339 et
531 306 595 340 omnia
604 304 717 339 huiusmodi
726 304 806 338 nomina

50 361 91 395 iere
106 359 210 402 aequivoce
225 360 315 394 dicuntur
331 361 354 393 de
370 360 494 394 sensibilibus
511 364 529 394 et
545 361 568 394 de
584 360 668 394 essentia
686 359 757 393 divina.
781 359 806 392 Et

52 413 140 448 similiter
151 423 190 446 non
203 416 232 447 est
244 414 341 456 possibile,
354 414 406 457 quod
419 414 488 456 aliquis
501 415 565 448 videat
577 414 663 447 rationes
671 417 805 447 creaturarum

51 469 73 502 in
86 467 132 510 ipsc
144 468 216 501 (livino
229 469 318 509 essentia,
334 468 365 502 iic
381 468 434 510 qnod
449 478 493 502 enni
504 478 546 502 non
558 469 636 502 vident:
651 470 693 502 inin
705 467 750 510 quia
762 467 806 509 ipsa

51 521 117 555 divina
135 521 218 555 essentia
233 525 263 555 est
278 521 327 555 ratio
342 522 428 555 omnium
445 531 517 563 eornm,
536 531 584 564 quae
600 522 656 564 iltuit,
674 522 723 555 ratio
741 525 806 554 autent

51 575 118 609 idealis
130 574 169 608 lion
182 575 235 608 addit
248 585 308 617 supra
320 575 405 609 [lisinam
418 575 522 609 essentiam
537 576 575 609 nisi
589 580 700 618 respectum
715 575 739 609 ad
755 584 806 608 crea-

52 633 115 669 turas;
132 631 174 662 inin
189 628 247 662 etiam
259 628 304 671 quia
316 628 371 671 prius
383 633 413 663 est
425 639 542 672 cognoscere
554 630 626 672 aliquid
638 629 658 663 in
671 640 696 671 se,
711 629 764 672 quod
776 631 806 662 θεῖ

52 692 168 726 cognoscere
183 683 251 725 Deum,
268 686 290 716 ut
304 687 334 716 est
351 683 447 717 obiectum
465 683 594 725 beatitudinis,
612 693 670 726 quam
688 692 806 726 cognoscere

51 737 98 771 illud
111 746 146 778 per
157 737 321 779 comparationem
333 737 358 770 ad
370 737 457 778 alterum,
470 737 522 780 qnod
534 740 565 771 cst
576 747 693 780 cognoscere
702 738 765 771 Deum
778 746 806 770 sc-

51 791 137 825 cuudum
149 790 234 824 rationes
245 800 311 824 rerum
324 790 399 832 inipso
411 791 520 825 existentes.
540 792 579 825 Nec
590 795 671 834 oportet,
685 791 701 825 si
713 791 805 825 dicimus:

52 846 104 878 Dens
117 848 146 878 est
159 854 198 878 esse
213 847 296 887 tcnitnni,
313 847 335 878 nt
349 844 369 877 in
384 854 470 878 errorem
485 854 553 878 eorum
568 845 681 886 incidamus,
697 845 731 888 qui
743 846 805 879 Deum

52 899 144 932 dixerunt
156 908 199 932 esse
210 898 258 932 illud
270 908 314 932 esse
325 899 435 932 universale
448 908 483 932 seu
495 908 601 936 commune,
614 909 653 942 quo
665 900 762 942 quaelibet
773 909 806 932 res

52 953 159 987 formaliter
171 956 205 986 θεῖ.
226 953 268 986 Hoc
279 953 330 986 enim
343 962 391 993 esse,
404 953 456 995 qnod
465 953 517 986 Deus
527 957 561 994 est,
574 953 632 987 huius
643 952 758 986 conditionis
771 955 806 994 est,

52 1010 74 1040 ut
85 1007 146 1040 initio
157 1006 197 1040 stit
209 1007 289 1040 additio
302 1006 349 1041 fieri
355 1006 425 1049 possit.
446 1007 501 1040 Unde
507 1017 545 1049 pet¹
553 1007 621 1049 'ipsstni
628 1017 687 1041 scicnn
693 1007 806 1049 puritatem

53 1064 137 1110 estqcsse
150 1060 263 1094 distinctum
275 1061 299 1094 ab
311 1060 364 1094 omni
376 1070 424 1094 esse.

117 1114 172 1148 Unde
183 1114 308 1147 manifestum
321 1117 355 1155 est,
371 1115 423 1156 quod
435 1114 540 1148 difficultas
553 1114 681 1156 cognoscendi
693 1114 765 1156 partim
776 1116 807 1147 est

53 1178 77 1201 ex
88 1167 137 1210 ipsis
149 1168 214 1209 rebus,
226 1168 297 1210 partim
310 1177 334 1201 ex
348 1168 446 1202 intellectu
460 1171 534 1210 nostro,
550 1168 640 1211 quamvis
652 1168 804 1211 principaliter,

53 1227 74 1255 ut
91 1222 138 1255 dicit
152 1222 283 1264 Philosophus
298 1224 308 1254 2
323 1222 439 1264 Metoplips,
460 1222 485 1255 sit
503 1233 523 1256 esi
538 1225 599 1264 porte
616 1223 733 1256 intellectus.
757 1222 807 1255 Nam

53 1275 124 1318 alioqui
137 1275 153 1309 si
165 1279 221 1317 esset,
233 1275 301 1318 inquit,
314 1285 337 1309 ex
349 1278 404 1317 parte
416 1285 488 1316 rerum,
501 1279 620 1318 sequeretur,
635 1276 688 1319 quod
699 1276 732 1309 illa
743 1275 807 1318 inagis

53 1338 221 1372 cognosceremus,
240 1339 289 1372 quae
305 1333 350 1362 sunt
364 1329 428 1372 magis
443 1330 580 1371 cognoscibilia
596 1330 702 1363 secundum
716 1332 807 1363 naturam

54 1393 114 1424 suam,
127 1392 176 1425 quae
188 1383 281 1416 nimirum
294 1386 339 1416 snut
351 1383 434 1416 maxime
446 1383 466 1416 in
478 1385 526 1422 actu,
543 1383 594 1417 entia
606 1393 631 1417 sc.
643 1383 777 1416 innuaterialia
788 1386 808 1416 ct

53 1437 168 1471 immobilia:
181 1447 230 1479 quae
242 1442 306 1470 tamen
319 1440 364 1470 sunt
376 1437 432 1470 nobis
445 1437 529 1470 maxime
540 1437 611 1480 ignota.

118 1503 145 1535 An
156 1512 218 1534 numum
229 1512 272 1534 anco
286 1511 366 1533 nicannun
380 1501 432 1543 quod
448 1501 484 1543 illa,
502 1511 551 1544 quae
566 1502 638 1535 habent
652 1511 695 1535 esse
710 1502 808 1544 deficiens,

54 1556 160 1590 secundum
178 1557 214 1589 hoc
231 1555 324 1589 deficiunt
338 1565 350 1589 a
365 1555 529 1598 cognoscibilitate
543 1555 651 1589 intellectus
668 1556 736 1597 nostri,
754 1556 807 1601 qnod

54 1610 147 1643 deficiunt
158 1620 169 1643 a
180 1609 255 1642 ratione
267 1609 348 1652 opeiidi.
371 1609 414 1642 Non
427 1612 491 1642 autem
503 1609 529 1642 ita
541 1612 571 1643 est
586 1610 609 1642 de
623 1609 720 1643 intellectu
736 1608 808 1651 divino,

54 1664 126 1706 qnippe
143 1663 177 1705 qui
194 1672 233 1696 non
251 1662 319 1705 accipit
337 1663 435 1696 scientiam
454 1673 464 1696 a
481 1663 547 1703 rebus,
562 1666 583 1696 ut
597 1662 699 1696 ntaniteste
714 1665 767 1705 patet
785 1672 809 1697 ex

54 1717 132 1751 diversa
144 1716 262 1758 habitudine,
277 1726 336 1759 quam
348 1717 407 1751 habet
418 1718 442 1750 ad
454 1727 496 1750 rem
509 1717 615 1751 similit-udo
631 1717 664 1759 rei,
679 1727 728 1760 quae
743 1720 773 1751 est
788 1717 809 1750 in

54 1771 152 1805 intellectu
164 1774 237 1811 nostro,
250 1774 269 1804 et
282 1770 387 1804 similitudo
397 1770 430 1812 rei,
443 1780 492 1813 qnae
504 1771 565 1804 estin
577 1770 674 1804 intellectu
682 1771 754 1804 divino.
773 1771 809 1804 Illa

54 1825 110 1867 enim,
123 1834 172 1868 qnae
184 1827 213 1858 cst
221 1824 241 1857 in
249 1824 346 1858 intellectu
354 1828 428 1866 nostro,
440 1827 470 1858 est
481 1828 558 1867 accepta
570 1835 583 1859 a
595 1836 621 1867 ne,
634 1826 743 1859 seccnzdnin
755 1826 809 1867 qnod

55 1889 85 1913 res
97 1879 142 1921 cpit
153 1879 176 1912 c'n
187 1879 311 1912 intellectum
322 1880 419 1912 nicotrum.
438 1879 463 1912 At
471 1888 518 1912 uero
528 1878 634 1913 similitudo
643 1879 676 1920 rei,
690 1888 739 1921 quae
751 1881 781 1912 est
788 1879 808 1912 in

54 1932 151 1967 intellectu
162 1932 233 1973 divino,
249 1936 278 1966 est
290 1932 366 1966 fection
380 1932 413 1974 rei,
430 1933 536 1967 secundum
551 1933 604 1975 quod
616 1934 753 1976 quodcumque
765 1943 809 1967 esse

55 1987 113 2021 habet
124 1988 144 2020 in
157 1997 177 2021 se
190 1987 230 2020 sive
242 1986 298 2028 torte,
311 1987 352 2020 sive
361 1986 428 2020 debile.
449 1987 473 2020 Et
481 1987 525 2021 ideo
536 1988 677 2029 perfectissime
690 1992 708 2021 et
719 1986 809 2021 facillime

56 2042 108 2076 Deus
119 2051 154 2084 per
166 2041 218 2075 illam
231 2041 329 2084 cognoscit
340 2050 372 2074 res
385 2041 499 2084 materiales,
515 2041 564 2075 sicut
579 2041 691 2075 difficillime
703 2045 771 2075 noster
783 2042 810 2075 in-

56 2097 143 2130 tellectus
155 2096 233 2130 easdem
245 2095 344 2137 cognoscit
356 2106 391 2138 por
403 2105 464 2129 suam.

119 2151 146 2184 An
160 2160 242 2183 sucorum
256 2160 335 2182 ulcerum
351 2150 403 2192 quod
420 2159 446 2191 ea,
463 2160 547 2193 quorum
563 2149 613 2184 ratio
628 2150 716 2184 consistit
730 2150 750 2183 in
766 2159 810 2192 pro-

55 2205 144 2245 portione
156 2207 175 2238 et
186 2203 298 2238 habitudine
310 2203 334 2237 ad
347 2203 424 2246 aliquid,
437 2214 475 2237 non
488 2208 572 2246 possunt
584 2214 627 2238 esse
639 2205 705 2238 eodeni
714 2207 810 2247 qnantum

55 2259 79 2292 ad
92 2259 160 2301 onmia,
174 2259 223 2292 sicut
235 2262 292 2300 patet,
304 2258 357 2301 quod
365 2267 404 2291 non
412 2263 442 2292 est
450 2258 501 2292 idem
511 2269 579 2293 sanum
589 2263 608 2293 et
616 2260 688 2293 bonum
697 2258 810 2292 bominibus

55 2319 74 2346 et
85 2313 178 2356 piscibus.
201 2313 257 2346 Ratio
272 2316 336 2346 autem
351 2313 522 2356 cognoscibilitatis
538 2313 627 2347 consistit
641 2313 663 2346 in
675 2314 811 2355 proportione

56 2369 74 2400 et
86 2367 207 2401 nobitrniine
219 2368 246 2401 od
254 2367 370 2410 potentiani
382 2367 545 2409 continentiorem.
566 2367 700 2410 Cognoscibile
712 2367 763 2400 enim
776 2370 810 2409 est,

56 2421 110 2454 cuius
125 2424 155 2455 θεῖ
170 2421 256 2463 potentia
270 2420 406 2463 cognoscitiva,
423 2421 472 2454 sicut
486 2421 605 2464 intelligibile
620 2425 655 2463 est,
670 2420 725 2454 cuius
740 2424 770 2454 est
783 2421 811 2453 in-

56 2475 148 2517 tellectus,
159 2478 181 2509 nt
193 2475 263 2509 dicitur
275 2475 405 2517 ilietoplips.
418 2484 432 2508 c.
442 2477 468 2509 15.
490 2475 514 2508 Et
526 2475 569 2509 ideo
581 2485 622 2509 non
635 2478 662 2509 est
674 2476 744 2509 endon
755 2475 811 2509 notio

57 2529 239 2571 copnoscibiic'tntc's
252 2532 270 2563 et
282 2529 462 2571 inteliipibilc'tctis
476 2529 497 2562 in
505 2530 563 2563 reicis
575 2531 665 2572 respectu
678 2529 769 2563 cenationi
781 2529 811 2562 in-

56 2581 176 2617 tellectilem.
197 2584 245 2616 Nam
254 2587 334 2616 eatenus
343 2585 372 2616 est
380 2582 453 2626 aliquid
462 2583 591 2625 cognoscibile
600 2584 624 2616 ab
632 2583 730 2617 intellectu
739 2582 811 2624 divino,

56 2640 152 2678 quatenus
167 2640 197 2670 est
211 2637 306 2671 terminus
321 2640 340 2670 ct
355 2637 435 2671 effectus
452 2637 567 2680 cognitionis
579 2637 651 2680 ipsius,
669 2647 714 2671 nam
727 2637 812 2680 scientia,

56 2700 114 2732 quam
127 2691 184 2724 habet
197 2692 249 2725 Deus
261 2691 285 2725 de
297 2692 362 2733 rebus,
377 2695 407 2725 θεῖ
422 2691 490 2725 similis
506 2691 595 2725 scientiae
610 2691 699 2725 artificis:
716 2694 746 2726 est
760 2692 812 2726 enim

57 2754 119 2778 critico
136 2755 209 2788 reruni,
229 2745 278 2779 sicut
295 2745 365 2779 artifex
383 2746 542 2784 artificiatorum„
558 2746 583 2779 At
601 2746 680 2780 scient-ia
697 2748 766 2780 nostra
783 2750 814 2780 est
