<?xml version="1.0" encoding="UTF-8"?>
<!DOCTYPE html PUBLIC "-//W3C//DTD XHTML 1.0 Transitional//EN"
    "http://www.w3.org/TR/xhtml1/DTD/xhtml1-transitional.dtd">
<html xmlns="http://www.w3.org/1999/xhtml" xml:lang="en" lang="en">
 <head>
  <title>
</title>
<meta http-equiv="Content-Type" content="text/html;charset=utf-8" />
  <meta name='ocr-system' content='tesseract 3.04.00' />
  <meta name='ocr-capabilities' content='ocr_page ocr_carea ocr_par ocr_line ocrx_word'/>
</head>
<body>
  <div class='ocr_page' id='page_1' title='image "MN41855ucmf_7_0050.png"; bbox 0 0 1846 3062; ppageno 0'>
   <div class='ocr_carea' id='block_1_1' title="bbox 93 126 632 170">
    <p class='ocr_par' dir='ltr' id='par_1_1' title="bbox 93 126 632 170">
     <span class='ocr_line' id='line_1_1' title="bbox 93 126 632 170; baseline 0.015 -8"><span class='ocrx_word' id='word_1_1' title='bbox 93 126 180 164; x_wconf 75' lang='lat' dir='ltr'>XXXIV</span> <span class='ocrx_word' id='word_1_2' title='bbox 297 137 416 169; x_wconf 80' lang='lat' dir='ltr'>ENGYCLICA</span> <span class='ocrx_word' id='word_1_3' title='bbox 430 136 535 169; x_wconf 65' lang='lat' dir='ltr'>»AETERNI</span> <span class='ocrx_word' id='word_1_4' title='bbox 546 138 632 170; x_wconf 79' lang='lat' dir='ltr'>PATRIS«</span> 
     </span>
    </p>
   </div>
   <div class='ocr_carea' id='block_1_2' title="bbox 93 236 846 2502">
    <p class='ocr_par' dir='ltr' id='par_1_2' title="bbox 93 236 844 552">
     <span class='ocr_line' id='line_1_2' title="bbox 94 236 843 284; baseline 0 -12"><span class='ocrx_word' id='word_1_5' title='bbox 94 236 143 282; x_wconf 91' lang='lat' dir='ltr'>plus</span> <span class='ocrx_word' id='word_1_6' title='bbox 158 247 227 283; x_wconf 89' lang='lat' dir='ltr'>aequo</span> <span class='ocrx_word' id='word_1_7' title='bbox 237 236 383 283; x_wconf 90' lang='lat' dir='ltr'>multiplicari,</span> <span class='ocrx_word' id='word_1_8' title='bbox 399 236 559 284; x_wconf 80' lang='lat' dir='ltr'>sententiasque</span> <span class='ocrx_word' id='word_1_9' title='bbox 570 237 667 274; x_wconf 83' lang='lat' dir='ltr'>diversas</span> <span class='ocrx_word' id='word_1_10' title='bbox 679 239 743 283; x_wconf 89' lang='lat' dir='ltr'>atque</span> <span class='ocrx_word' id='word_1_11' title='bbox 753 236 810 272; x_wconf 89' lang='lat' dir='ltr'>inter</span> <span class='ocrx_word' id='word_1_12' title='bbox 821 246 843 272; x_wconf 89' lang='lat' dir='ltr'>se</span> 
     </span>
     <span class='ocr_line' id='line_1_3' title="bbox 94 289 843 338; baseline 0 -12"><span class='ocrx_word' id='word_1_13' title='bbox 94 293 215 337; x_wconf 79' lang='lat' dir='ltr'>pugnantes</span> <span class='ocrx_word' id='word_1_14' title='bbox 231 290 283 326; x_wconf 91' lang='grc'><strong>01111</strong></span> <span class='ocrx_word' id='word_1_15' title='bbox 301 289 366 326; x_wconf 88' lang='lat' dir='ltr'>etiam</span> <span class='ocrx_word' id='word_1_16' title='bbox 384 290 410 327; x_wconf 91' lang='lat' dir='ltr'>de</span> <span class='ocrx_word' id='word_1_17' title='bbox 428 290 455 327; x_wconf 90' lang='lat' dir='ltr'>iis</span> <span class='ocrx_word' id='word_1_18' title='bbox 472 291 546 337; x_wconf 85' lang='lat' dir='ltr'>rebus,</span> <span class='ocrx_word' id='word_1_19' title='bbox 565 301 619 338; x_wconf 89' lang='lat' dir='ltr'>quae</span> <span class='ocrx_word' id='word_1_20' title='bbox 637 294 687 327; x_wconf 88' lang='lat' dir='ltr'>sunt</span> <span class='ocrx_word' id='word_1_21' title='bbox 704 290 726 326; x_wconf 91' lang='lat' dir='ltr'>in</span> <span class='ocrx_word' id='word_1_22' title='bbox 744 290 843 326; x_wconf 88' lang='lat' dir='ltr'>humanis</span> 
     </span>
     <span class='ocr_line' id='line_1_4' title="bbox 94 343 843 391; baseline 0 -11"><span class='ocrx_word' id='word_1_23' title='bbox 94 344 253 391; x_wconf 77' lang='lat' dir='ltr'>cognitionibus</span> <span class='ocrx_word' id='word_1_24' title='bbox 275 343 410 391; x_wconf 89' lang='lat' dir='ltr'>praecipuae.</span> <span class='ocrx_word' id='word_1_25' title='bbox 444 344 462 381; x_wconf 86' lang='grc' dir='ltr'><strong>Α</strong></span> <span class='ocrx_word' id='word_1_26' title='bbox 481 344 620 381; x_wconf 87' lang='lat' dir='ltr'>multitudine</span> <span class='ocrx_word' id='word_1_27' title='bbox 640 344 797 381; x_wconf 89' lang='lat' dir='ltr'>sententiarum</span> <span class='ocrx_word' id='word_1_28' title='bbox 817 344 843 380; x_wconf 89' lang='lat' dir='ltr'>ad</span> 
     </span>
     <span class='ocr_line' id='line_1_5' title="bbox 94 397 843 446; baseline 0.001 -14"><span class='ocrx_word' id='word_1_29' title='bbox 94 397 246 433; x_wconf 72' lang='lat' dir='ltr'>haesitationes</span> <span class='ocrx_word' id='word_1_30' title='bbox 262 397 451 446; x_wconf 90' lang='lat' dir='ltr'>dubitationesque</span> <span class='ocrx_word' id='word_1_31' title='bbox 469 409 573 446; x_wconf 84' lang='lat' dir='ltr'>persaepe</span> <span class='ocrx_word' id='word_1_32' title='bbox 588 402 677 435; x_wconf 83' lang='lat' dir='ltr'>ventum</span> <span class='ocrx_word' id='word_1_33' title='bbox 692 401 732 435; x_wconf 88' lang='lat' dir='ltr'>est:</span> <span class='ocrx_word' id='word_1_34' title='bbox 753 409 765 434; x_wconf 92' lang='lat' dir='ltr'>a</span> <span class='ocrx_word' id='word_1_35' title='bbox 783 397 843 435; x_wconf 90' lang='lat' dir='ltr'>dubi-</span> 
     </span>
     <span class='ocr_line' id='line_1_6' title="bbox 93 450 844 499; baseline 0.001 -13"><span class='ocrx_word' id='word_1_36' title='bbox 93 451 212 487; x_wconf 89' lang='lat' dir='ltr'>tationibus</span> <span class='ocrx_word' id='word_1_37' title='bbox 230 461 285 487; x_wconf 87' lang='lat' dir='ltr'>-vero</span> <span class='ocrx_word' id='word_1_38' title='bbox 305 450 328 486; x_wconf 96' lang='grc'>111</span> <span class='ocrx_word' id='word_1_39' title='bbox 347 462 444 488; x_wconf 90' lang='grc'><strong>011010111</strong></span> <span class='ocrx_word' id='word_1_40' title='bbox 465 463 529 499; x_wconf 90' lang='lat' dir='ltr'>quam</span> <span class='ocrx_word' id='word_1_41' title='bbox 547 452 612 489; x_wconf 80' lang='lat' dir='ltr'>facile</span> <span class='ocrx_word' id='word_1_42' title='bbox 632 456 714 489; x_wconf 87' lang='lat' dir='ltr'>mentes</span> <span class='ocrx_word' id='word_1_43' title='bbox 728 452 844 489; x_wconf 90' lang='lat' dir='ltr'>hominum</span> 
     </span>
     <span class='ocr_line' id='line_1_7' title="bbox 94 504 555 552; baseline 0.007 -12"><span class='ocrx_word' id='word_1_44' title='bbox 94 504 227 550; x_wconf 88' lang='lat' dir='ltr'>delabantur,</span> <span class='ocrx_word' id='word_1_45' title='bbox 243 515 304 541; x_wconf 91' lang='lat' dir='ltr'>nemo</span> <span class='ocrx_word' id='word_1_46' title='bbox 320 508 352 541; x_wconf 89' lang='lat' dir='ltr'>est</span> <span class='ocrx_word' id='word_1_47' title='bbox 367 505 404 552; x_wconf 84' lang='lat' dir='ltr'>qui</span> <span class='ocrx_word' id='word_1_48' title='bbox 419 517 463 542; x_wconf 88' lang='lat' dir='ltr'>non</span> <span class='ocrx_word' id='word_1_49' title='bbox 477 506 555 543; x_wconf 87' lang='lat' dir='ltr'>videat.</span> 
     </span>
    </p>

    <p class='ocr_par' dir='ltr' id='par_1_3' title="bbox 93 558 844 1204">
     <span class='ocr_line' id='line_1_8' title="bbox 158 558 844 606; baseline 0.004 -13"><span class='ocrx_word' id='word_1_50' title='bbox 158 558 205 594; x_wconf 91' lang='lat' dir='ltr'>Hoc</span> <span class='ocrx_word' id='word_1_51' title='bbox 220 561 292 594; x_wconf 90' lang='lat' dir='ltr'>autem</span> <span class='ocrx_word' id='word_1_52' title='bbox 306 559 411 596; x_wconf 89' lang='lat' dir='ltr'>novitatis</span> <span class='ocrx_word' id='word_1_53' title='bbox 426 560 529 606; x_wconf 86' lang='lat' dir='ltr'>studium,</span> <span class='ocrx_word' id='word_1_54' title='bbox 550 571 598 596; x_wconf 91' lang='lat' dir='ltr'>cum</span> <span class='ocrx_word' id='word_1_55' title='bbox 612 560 709 597; x_wconf 90' lang='lat' dir='ltr'>homines</span> <span class='ocrx_word' id='word_1_56' title='bbox 723 559 844 596; x_wconf 85' lang='lat' dir='ltr'>imitatione</span> 
     </span>
     <span class='ocr_line' id='line_1_9' title="bbox 94 611 844 662; baseline 0.004 -15"><span class='ocrx_word' id='word_1_57' title='bbox 94 611 214 658; x_wconf 77' lang='lat' dir='ltr'>trahantru,</span> <span class='ocrx_word' id='word_1_58' title='bbox 229 612 386 649; x_wconf 91' lang='lat' dir='ltr'>catholicorum</span> <span class='ocrx_word' id='word_1_59' title='bbox 397 624 482 662; x_wconf 88' lang='lat' dir='ltr'>quoque</span> <span class='ocrx_word' id='word_1_60' title='bbox 492 613 671 661; x_wconf 89' lang='lat' dir='ltr'>philosophorum</span> <span class='ocrx_word' id='word_1_61' title='bbox 681 614 763 650; x_wconf 90' lang='lat' dir='ltr'>animos</span> <span class='ocrx_word' id='word_1_62' title='bbox 773 613 844 650; x_wconf 85' lang='lat' dir='ltr'>visum</span> 
     </span>
     <span class='ocr_line' id='line_1_10' title="bbox 93 666 844 716; baseline 0.003 -14"><span class='ocrx_word' id='word_1_63' title='bbox 93 670 125 702; x_wconf 88' lang='lat' dir='ltr'>est</span> <span class='ocrx_word' id='word_1_64' title='bbox 140 666 220 703; x_wconf 89' lang='lat' dir='ltr'>alicubi</span> <span class='ocrx_word' id='word_1_65' title='bbox 239 667 372 713; x_wconf 75' lang='lat' dir='ltr'>pervasisse:</span> <span class='ocrx_word' id='word_1_66' title='bbox 395 667 431 715; x_wconf 91' lang='lat' dir='ltr'>qui</span> <span class='ocrx_word' id='word_1_67' title='bbox 452 667 583 715; x_wconf 87' lang='lat' dir='ltr'>patrimonio</span> <span class='ocrx_word' id='word_1_68' title='bbox 604 668 705 716; x_wconf 85' lang='lat' dir='ltr'>antiquae</span> <span class='ocrx_word' id='word_1_69' title='bbox 726 667 844 715; x_wconf 87' lang='lat' dir='ltr'>sapientiae</span> 
     </span>
     <span class='ocr_line' id='line_1_11' title="bbox 93 719 844 770; baseline 0.003 -14"><span class='ocrx_word' id='word_1_70' title='bbox 93 719 223 767; x_wconf 87' lang='lat' dir='ltr'>posthabito,</span> <span class='ocrx_word' id='word_1_71' title='bbox 234 731 290 757; x_wconf 91' lang='lat' dir='ltr'>nova</span> <span class='ocrx_word' id='word_1_72' title='bbox 298 720 375 767; x_wconf 87' lang='lat' dir='ltr'>moliri,</span> <span class='ocrx_word' id='word_1_73' title='bbox 387 732 452 769; x_wconf 92' lang='lat' dir='ltr'>quam</span> <span class='ocrx_word' id='word_1_74' title='bbox 459 724 534 758; x_wconf 87' lang='lat' dir='ltr'>vetera</span> <span class='ocrx_word' id='word_1_75' title='bbox 544 722 606 759; x_wconf 88' lang='lat' dir='ltr'>novis</span> <span class='ocrx_word' id='word_1_76' title='bbox 617 733 696 770; x_wconf 82' lang='lat' dir='ltr'>augere</span> <span class='ocrx_word' id='word_1_77' title='bbox 707 725 728 759; x_wconf 93' lang='grc'>01</span> <span class='ocrx_word' id='word_1_78' title='bbox 738 721 844 769; x_wconf 83' lang='grc'><strong>1101110010</strong></span> 
     </span>
     <span class='ocr_line' id='line_1_12' title="bbox 93 774 844 823; baseline 0.003 -13"><span class='ocrx_word' id='word_1_79' title='bbox 93 774 222 819; x_wconf 88' lang='lat' dir='ltr'>maluerunt,</span> <span class='ocrx_word' id='word_1_80' title='bbox 238 778 295 811; x_wconf 88' lang='lat' dir='ltr'>certe</span> <span class='ocrx_word' id='word_1_81' title='bbox 310 774 381 811; x_wconf 90' lang='grc'><strong>1111111</strong></span> <span class='ocrx_word' id='word_1_82' title='bbox 397 775 489 823; x_wconf 86' lang='lat' dir='ltr'>sapienti</span> <span class='ocrx_word' id='word_1_83' title='bbox 505 775 602 822; x_wconf 91' lang='lat' dir='ltr'>consilio,</span> <span class='ocrx_word' id='word_1_84' title='bbox 621 779 641 813; x_wconf 90' lang='grc'>01</span> <span class='ocrx_word' id='word_1_85' title='bbox 659 786 702 812; x_wconf 88' lang='grc'>001</span> <span class='ocrx_word' id='word_1_86' title='bbox 717 776 763 812; x_wconf 90' lang='lat' dir='ltr'>sine</span> <span class='ocrx_word' id='word_1_87' title='bbox 778 775 844 812; x_wconf 91' lang='lat' dir='ltr'>scien·</span> 
     </span>
     <span class='ocr_line' id='line_1_13' title="bbox 94 828 843 877; baseline 0.001 -13"><span class='ocrx_word' id='word_1_88' title='bbox 94 828 174 864; x_wconf 84' lang='lat' dir='ltr'>tiarum</span> <span class='ocrx_word' id='word_1_89' title='bbox 189 828 323 865; x_wconf 89' lang='lat' dir='ltr'>detrimento.</span> <span class='ocrx_word' id='word_1_90' title='bbox 352 828 439 866; x_wconf 85' lang='lat' dir='ltr'>Etenim</span> <span class='ocrx_word' id='word_1_91' title='bbox 456 829 570 877; x_wconf 81' lang='lat' dir='ltr'>multiplex</span> <span class='ocrx_word' id='word_1_92' title='bbox 588 829 640 867; x_wconf 89' lang='lat' dir='ltr'>haec</span> <span class='ocrx_word' id='word_1_93' title='bbox 654 829 712 866; x_wconf 88' lang='lat' dir='ltr'>ratio</span> <span class='ocrx_word' id='word_1_94' title='bbox 727 829 843 875; x_wconf 89' lang='lat' dir='ltr'>doctrinae,</span> 
     </span>
     <span class='ocr_line' id='line_1_14' title="bbox 94 882 843 931; baseline 0.001 -13"><span class='ocrx_word' id='word_1_95' title='bbox 94 893 142 918; x_wconf 91' lang='lat' dir='ltr'>cnm</span> <span class='ocrx_word' id='word_1_96' title='bbox 153 883 176 918; x_wconf 91' lang='lat' dir='ltr'>in</span> <span class='ocrx_word' id='word_1_97' title='bbox 186 882 341 930; x_wconf 86' lang='lat' dir='ltr'>magistrorum</span> <span class='ocrx_word' id='word_1_98' title='bbox 352 883 488 931; x_wconf 84' lang='lat' dir='ltr'>singulorum</span> <span class='ocrx_word' id='word_1_99' title='bbox 500 884 629 921; x_wconf 84' lang='lat' dir='ltr'>auctoritate</span> <span class='ocrx_word' id='word_1_100' title='bbox 640 884 775 931; x_wconf 87' lang='lat' dir='ltr'>arbitrioque</span> <span class='ocrx_word' id='word_1_101' title='bbox 790 883 843 919; x_wconf 86' lang='lat' dir='ltr'>nita-</span> 
     </span>
     <span class='ocr_line' id='line_1_15' title="bbox 94 937 844 986; baseline 0 -13"><span class='ocrx_word' id='word_1_102' title='bbox 94 941 135 983; x_wconf 89' lang='lat' dir='ltr'>tur,</span> <span class='ocrx_word' id='word_1_103' title='bbox 146 937 250 974; x_wconf 90' lang='lat' dir='ltr'>mutabile</span> <span class='ocrx_word' id='word_1_104' title='bbox 258 937 323 974; x_wconf 88' lang='lat' dir='ltr'>habet</span> <span class='ocrx_word' id='word_1_105' title='bbox 330 937 501 985; x_wconf 79' lang='lat' dir='ltr'>fundamentum,</span> <span class='ocrx_word' id='word_1_106' title='bbox 512 949 579 986; x_wconf 88' lang='lat' dir='ltr'>eaque</span> <span class='ocrx_word' id='word_1_107' title='bbox 589 939 615 975; x_wconf 91' lang='lat' dir='ltr'>de</span> <span class='ocrx_word' id='word_1_108' title='bbox 623 949 698 975; x_wconf 81' lang='lat' dir='ltr'>caussa</span> <span class='ocrx_word' id='word_1_109' title='bbox 706 949 749 975; x_wconf 90' lang='lat' dir='ltr'>non</span> <span class='ocrx_word' id='word_1_110' title='bbox 757 937 844 974; x_wconf 82' lang='lat' dir='ltr'>firmam</span> 
     </span>
     <span class='ocr_line' id='line_1_16' title="bbox 94 991 844 1040; baseline 0.001 -12"><span class='ocrx_word' id='word_1_111' title='bbox 94 995 158 1039; x_wconf 86' lang='lat' dir='ltr'>atque</span> <span class='ocrx_word' id='word_1_112' title='bbox 174 991 273 1029; x_wconf 87' lang='lat' dir='ltr'>stabilem</span> <span class='ocrx_word' id='word_1_113' title='bbox 288 1003 357 1040; x_wconf 85' lang='lat' dir='ltr'>neque</span> <span class='ocrx_word' id='word_1_114' title='bbox 371 992 489 1040; x_wconf 89' lang='lat' dir='ltr'>robustam,</span> <span class='ocrx_word' id='word_1_115' title='bbox 504 992 560 1030; x_wconf 88' lang='lat' dir='ltr'>sicut</span> <span class='ocrx_word' id='word_1_116' title='bbox 570 995 665 1030; x_wconf 83' lang='lat' dir='ltr'>veterem</span> <span class='ocrx_word' id='word_1_117' title='bbox 679 992 744 1039; x_wconf 87' lang='lat' dir='ltr'>illam,</span> <span class='ocrx_word' id='word_1_118' title='bbox 760 992 844 1030; x_wconf 79' lang='grc'><strong>100101-</strong></span> 
     </span>
     <span class='ocr_line' id='line_1_17' title="bbox 93 1046 844 1096; baseline 0.003 -14"><span class='ocrx_word' id='word_1_119' title='bbox 93 1049 175 1083; x_wconf 81' lang='lat' dir='ltr'>tantem</span> <span class='ocrx_word' id='word_1_120' title='bbox 190 1049 211 1083; x_wconf 92' lang='lat' dir='ltr'>et</span> <span class='ocrx_word' id='word_1_121' title='bbox 225 1046 295 1083; x_wconf 92' lang='lat' dir='ltr'>levem</span> <span class='ocrx_word' id='word_1_122' title='bbox 310 1046 363 1084; x_wconf 82' lang='lat' dir='ltr'>tacit</span> <span class='ocrx_word' id='word_1_123' title='bbox 377 1046 541 1096; x_wconf 89' lang='lat' dir='ltr'>philosophiam.</span> <span class='ocrx_word' id='word_1_124' title='bbox 571 1046 610 1084; x_wconf 81' lang='lat' dir='ltr'>Cui</span> <span class='ocrx_word' id='word_1_125' title='bbox 626 1047 643 1084; x_wconf 88' lang='lat' dir='ltr'>si</span> <span class='ocrx_word' id='word_1_126' title='bbox 658 1046 715 1084; x_wconf 80' lang='lat' dir='ltr'>forte</span> <span class='ocrx_word' id='word_1_127' title='bbox 728 1047 844 1095; x_wconf 84' lang='lat' dir='ltr'>contingat,</span> 
     </span>
     <span class='ocr_line' id='line_1_18' title="bbox 94 1100 844 1150; baseline 0.001 -13"><span class='ocrx_word' id='word_1_128' title='bbox 94 1100 188 1138; x_wconf 90' lang='lat' dir='ltr'>hostium</span> <span class='ocrx_word' id='word_1_129' title='bbox 202 1101 285 1149; x_wconf 90' lang='lat' dir='ltr'>impetu</span> <span class='ocrx_word' id='word_1_130' title='bbox 299 1101 390 1139; x_wconf 80' lang='lat' dir='ltr'>ferendo</span> <span class='ocrx_word' id='word_1_131' title='bbox 405 1102 443 1139; x_wconf 88' lang='lat' dir='ltr'>vix</span> <span class='ocrx_word' id='word_1_132' title='bbox 457 1113 532 1150; x_wconf 91' lang='lat' dir='ltr'>parem</span> <span class='ocrx_word' id='word_1_133' title='bbox 548 1102 664 1150; x_wconf 89' lang='lat' dir='ltr'>aliquando</span> <span class='ocrx_word' id='word_1_134' title='bbox 678 1102 779 1149; x_wconf 90' lang='lat' dir='ltr'>inveniri,</span> <span class='ocrx_word' id='word_1_135' title='bbox 799 1102 844 1139; x_wconf 91' lang='lat' dir='ltr'>eius</span> 
     </span>
     <span class='ocr_line' id='line_1_19' title="bbox 93 1155 720 1204; baseline 0.003 -12"><span class='ocrx_word' id='word_1_136' title='bbox 93 1155 125 1193; x_wconf 87' lang='lat' dir='ltr'>rei</span> <span class='ocrx_word' id='word_1_137' title='bbox 141 1158 244 1204; x_wconf 84' lang='lat' dir='ltr'>agnoscat</span> <span class='ocrx_word' id='word_1_138' title='bbox 259 1156 282 1192; x_wconf 92' lang='lat' dir='ltr'>in</span> <span class='ocrx_word' id='word_1_139' title='bbox 296 1156 356 1204; x_wconf 90' lang='lat' dir='ltr'>seipa</span> <span class='ocrx_word' id='word_1_140' title='bbox 370 1156 466 1194; x_wconf 90' lang='lat' dir='ltr'>residere</span> <span class='ocrx_word' id='word_1_141' title='bbox 481 1167 578 1194; x_wconf 86' lang='lat' dir='ltr'>caussam</span> <span class='ocrx_word' id='word_1_142' title='bbox 593 1159 614 1194; x_wconf 91' lang='lat' dir='ltr'>et</span> <span class='ocrx_word' id='word_1_143' title='bbox 629 1156 720 1204; x_wconf 91' lang='lat' dir='ltr'>culpam.</span> 
     </span>
    </p>

    <p class='ocr_par' dir='ltr' id='par_1_4' title="bbox 94 1209 845 1531">
     <span class='ocr_line' id='line_1_20' title="bbox 159 1209 844 1259; baseline 0.001 -13"><span class='ocrx_word' id='word_1_144' title='bbox 159 1209 218 1253; x_wconf 81' lang='lat' dir='ltr'>Quae</span> <span class='ocrx_word' id='word_1_145' title='bbox 229 1221 277 1247; x_wconf 91' lang='lat' dir='ltr'>cum</span> <span class='ocrx_word' id='word_1_146' title='bbox 288 1210 384 1258; x_wconf 86' lang='lat' dir='ltr'>dicimus,</span> <span class='ocrx_word' id='word_1_147' title='bbox 399 1222 443 1248; x_wconf 93' lang='lat' dir='ltr'>non</span> <span class='ocrx_word' id='word_1_148' title='bbox 455 1222 491 1248; x_wconf 89' lang='lat' dir='ltr'>eos</span> <span class='ocrx_word' id='word_1_149' title='bbox 501 1211 600 1259; x_wconf 82' lang='lat' dir='ltr'>protecto</span> <span class='ocrx_word' id='word_1_150' title='bbox 609 1211 757 1259; x_wconf 89' lang='lat' dir='ltr'>improbamus</span> <span class='ocrx_word' id='word_1_151' title='bbox 770 1210 844 1248; x_wconf 90' lang='lat' dir='ltr'>doctos</span> 
     </span>
     <span class='ocr_line' id='line_1_21' title="bbox 94 1264 844 1313; baseline 0 -12"><span class='ocrx_word' id='word_1_152' title='bbox 94 1264 190 1302; x_wconf 89' lang='lat' dir='ltr'>homines</span> <span class='ocrx_word' id='word_1_153' title='bbox 206 1268 271 1312; x_wconf 90' lang='lat' dir='ltr'>atque</span> <span class='ocrx_word' id='word_1_154' title='bbox 286 1265 380 1312; x_wconf 89' lang='lat' dir='ltr'>solertes,</span> <span class='ocrx_word' id='word_1_155' title='bbox 396 1265 433 1313; x_wconf 92' lang='lat' dir='ltr'>qui</span> <span class='ocrx_word' id='word_1_156' title='bbox 448 1265 578 1303; x_wconf 87' lang='lat' dir='ltr'>industriam</span> <span class='ocrx_word' id='word_1_157' title='bbox 593 1269 614 1302; x_wconf 89' lang='lat' dir='ltr'>et</span> <span class='ocrx_word' id='word_1_158' title='bbox 624 1265 768 1303; x_wconf 89' lang='lat' dir='ltr'>eruditionem</span> <span class='ocrx_word' id='word_1_159' title='bbox 779 1275 844 1311; x_wconf 90' lang='lat' dir='ltr'>suam,</span> 
     </span>
     <span class='ocr_line' id='line_1_22' title="bbox 95 1319 845 1368; baseline 0 -13"><span class='ocrx_word' id='word_1_160' title='bbox 95 1330 118 1356; x_wconf 91' lang='lat' dir='ltr'>ac</span> <span class='ocrx_word' id='word_1_161' title='bbox 134 1330 241 1356; x_wconf 88' lang='lat' dir='ltr'>novorum</span> <span class='ocrx_word' id='word_1_162' title='bbox 255 1319 393 1357; x_wconf 84' lang='lat' dir='ltr'>inventorum</span> <span class='ocrx_word' id='word_1_163' title='bbox 411 1331 462 1368; x_wconf 91' lang='lat' dir='ltr'>opes</span> <span class='ocrx_word' id='word_1_164' title='bbox 482 1320 509 1357; x_wconf 90' lang='lat' dir='ltr'>ad</span> <span class='ocrx_word' id='word_1_165' title='bbox 528 1320 668 1357; x_wconf 86' lang='lat' dir='ltr'>excolendam</span> <span class='ocrx_word' id='word_1_166' title='bbox 686 1319 845 1368; x_wconf 87' lang='lat' dir='ltr'>philosophiam</span> 
     </span>
     <span class='ocr_line' id='line_1_23' title="bbox 95 1373 845 1423; baseline 0 -13"><span class='ocrx_word' id='word_1_167' title='bbox 95 1373 202 1411; x_wconf 82' lang='lat' dir='ltr'>afferunt:</span> <span class='ocrx_word' id='word_1_168' title='bbox 218 1374 240 1411; x_wconf 92' lang='lat' dir='ltr'>id</span> <span class='ocrx_word' id='word_1_169' title='bbox 256 1374 313 1411; x_wconf 92' lang='lat' dir='ltr'>enim</span> <span class='ocrx_word' id='word_1_170' title='bbox 323 1375 390 1422; x_wconf 86' lang='lat' dir='ltr'>probe</span> <span class='ocrx_word' id='word_1_171' title='bbox 400 1374 542 1423; x_wconf 81' lang='lat' dir='ltr'>intelligimus</span> <span class='ocrx_word' id='word_1_172' title='bbox 553 1375 580 1412; x_wconf 90' lang='lat' dir='ltr'>ad</span> <span class='ocrx_word' id='word_1_173' title='bbox 590 1374 723 1412; x_wconf 87' lang='lat' dir='ltr'>incrementa</span> <span class='ocrx_word' id='word_1_174' title='bbox 734 1373 845 1411; x_wconf 83' lang='lat' dir='ltr'>doctrinae</span> 
     </span>
     <span class='ocr_line' id='line_1_24' title="bbox 94 1428 844 1477; baseline -0.001 -12"><span class='ocrx_word' id='word_1_175' title='bbox 94 1429 209 1476; x_wconf 89' lang='lat' dir='ltr'>pertinere.</span> <span class='ocrx_word' id='word_1_176' title='bbox 231 1428 272 1466; x_wconf 85' lang='lat' dir='ltr'>Sed</span> <span class='ocrx_word' id='word_1_177' title='bbox 287 1440 418 1477; x_wconf 77' lang='lat' dir='ltr'>magnopere</span> <span class='ocrx_word' id='word_1_178' title='bbox 429 1429 549 1466; x_wconf 80' lang='lat' dir='ltr'>cavendum</span> <span class='ocrx_word' id='word_1_179' title='bbox 564 1433 601 1476; x_wconf 89' lang='lat' dir='ltr'>est,</span> <span class='ocrx_word' id='word_1_180' title='bbox 616 1440 642 1466; x_wconf 90' lang='lat' dir='ltr'>ne</span> <span class='ocrx_word' id='word_1_181' title='bbox 652 1429 675 1465; x_wconf 91' lang='lat' dir='ltr'>in</span> <span class='ocrx_word' id='word_1_182' title='bbox 689 1428 727 1465; x_wconf 91' lang='lat' dir='ltr'>illa</span> <span class='ocrx_word' id='word_1_183' title='bbox 737 1428 844 1466; x_wconf 89' lang='lat' dir='ltr'>industria</span> 
     </span>
     <span class='ocr_line' id='line_1_25' title="bbox 96 1483 804 1531; baseline 0.001 -12"><span class='ocrx_word' id='word_1_184' title='bbox 96 1487 160 1531; x_wconf 88' lang='lat' dir='ltr'>atque</span> <span class='ocrx_word' id='word_1_185' title='bbox 175 1483 297 1520; x_wconf 86' lang='lat' dir='ltr'>eruditione</span> <span class='ocrx_word' id='word_1_186' title='bbox 312 1486 358 1520; x_wconf 90' lang='lat' dir='ltr'>tota</span> <span class='ocrx_word' id='word_1_187' title='bbox 373 1486 410 1520; x_wconf 90' lang='lat' dir='ltr'>aut</span> <span class='ocrx_word' id='word_1_188' title='bbox 425 1483 543 1531; x_wconf 88' lang='lat' dir='ltr'>praecipua</span> <span class='ocrx_word' id='word_1_189' title='bbox 558 1483 685 1521; x_wconf 82' lang='lat' dir='ltr'>exercitatio</span> <span class='ocrx_word' id='word_1_190' title='bbox 700 1486 804 1520; x_wconf 87' lang='lat' dir='ltr'>versetur.</span> 
     </span>
    </p>

    <p class='ocr_par' dir='ltr' id='par_1_5' title="bbox 94 1537 845 1802">
     <span class='ocr_line' id='line_1_26' title="bbox 160 1537 845 1586; baseline 0 -13"><span class='ocrx_word' id='word_1_191' title='bbox 160 1538 188 1574; x_wconf 80' lang='lat' dir='ltr'>Et</span> <span class='ocrx_word' id='word_1_192' title='bbox 208 1537 272 1574; x_wconf 92' lang='lat' dir='ltr'>simili</span> <span class='ocrx_word' id='word_1_193' title='bbox 290 1538 353 1575; x_wconf 93' lang='lat' dir='ltr'>modo</span> <span class='ocrx_word' id='word_1_194' title='bbox 374 1538 400 1575; x_wconf 88' lang='lat' dir='ltr'>de</span> <span class='ocrx_word' id='word_1_195' title='bbox 421 1548 483 1574; x_wconf 86' lang='lat' dir='ltr'>sacra</span> <span class='ocrx_word' id='word_1_196' title='bbox 503 1538 620 1586; x_wconf 83' lang='lat' dir='ltr'>Theologia</span> <span class='ocrx_word' id='word_1_197' title='bbox 637 1537 758 1583; x_wconf 74' lang='lat' dir='ltr'>iudicetur,</span> <span class='ocrx_word' id='word_1_198' title='bbox 781 1548 845 1584; x_wconf 87' lang='lat' dir='ltr'>quam</span> 
     </span>
     <span class='ocr_line' id='line_1_27' title="bbox 95 1591 845 1639; baseline -0.001 -11"><span class='ocrx_word' id='word_1_199' title='bbox 95 1592 210 1639; x_wconf 89' lang='lat' dir='ltr'>multiplici</span> <span class='ocrx_word' id='word_1_200' title='bbox 219 1591 347 1629; x_wconf 90' lang='lat' dir='ltr'>eruditionis</span> <span class='ocrx_word' id='word_1_201' title='bbox 356 1592 479 1629; x_wconf 91' lang='lat' dir='ltr'>adiumento</span> <span class='ocrx_word' id='word_1_202' title='bbox 487 1592 560 1629; x_wconf 89' lang='lat' dir='ltr'>iuvari</span> <span class='ocrx_word' id='word_1_203' title='bbox 569 1596 633 1639; x_wconf 89' lang='lat' dir='ltr'>atque</span> <span class='ocrx_word' id='word_1_204' title='bbox 640 1591 747 1628; x_wconf 87' lang='lat' dir='ltr'>illustrari</span> <span class='ocrx_word' id='word_1_205' title='bbox 759 1591 845 1639; x_wconf 87' lang='lat' dir='ltr'>quidem</span> 
     </span>
     <span class='ocr_line' id='line_1_28' title="bbox 95 1645 845 1694; baseline -0.001 -12"><span class='ocrx_word' id='word_1_206' title='bbox 95 1646 178 1693; x_wconf 79' lang='lat' dir='ltr'>placet;</span> <span class='ocrx_word' id='word_1_207' title='bbox 201 1646 239 1682; x_wconf 90' lang='lat' dir='ltr'>sed</span> <span class='ocrx_word' id='word_1_208' title='bbox 254 1646 341 1682; x_wconf 90' lang='lat' dir='ltr'>omnino</span> <span class='ocrx_word' id='word_1_209' title='bbox 355 1657 441 1683; x_wconf 90' lang='lat' dir='ltr'>necesse</span> <span class='ocrx_word' id='word_1_210' title='bbox 456 1649 493 1693; x_wconf 88' lang='grc'><strong>011,</strong></span> <span class='ocrx_word' id='word_1_211' title='bbox 511 1646 574 1694; x_wconf 82' lang='lat' dir='ltr'>gravi</span> <span class='ocrx_word' id='word_1_212' title='bbox 590 1645 772 1683; x_wconf 85' lang='lat' dir='ltr'>Scholasticorum</span> <span class='ocrx_word' id='word_1_213' title='bbox 786 1656 845 1682; x_wconf 89' lang='lat' dir='ltr'>more</span> 
     </span>
     <span class='ocr_line' id='line_1_29' title="bbox 95 1699 845 1746; baseline -0.001 -10"><span class='ocrx_word' id='word_1_214' title='bbox 95 1700 191 1746; x_wconf 85' lang='lat' dir='ltr'>tractari,</span> <span class='ocrx_word' id='word_1_215' title='bbox 207 1704 235 1746; x_wconf 92' lang='lat' dir='ltr'>ut,</span> <span class='ocrx_word' id='word_1_216' title='bbox 250 1700 391 1736; x_wconf 84' lang='lat' dir='ltr'>revelationis</span> <span class='ocrx_word' id='word_1_217' title='bbox 406 1703 427 1736; x_wconf 90' lang='lat' dir='ltr'>et</span> <span class='ocrx_word' id='word_1_218' title='bbox 441 1700 532 1736; x_wconf 89' lang='lat' dir='ltr'>rationis</span> <span class='ocrx_word' id='word_1_219' title='bbox 543 1700 663 1737; x_wconf 88' lang='lat' dir='ltr'>coniunctis</span> <span class='ocrx_word' id='word_1_220' title='bbox 673 1700 696 1735; x_wconf 94' lang='lat' dir='ltr'>in</span> <span class='ocrx_word' id='word_1_221' title='bbox 706 1699 743 1736; x_wconf 89' lang='lat' dir='ltr'>illa</span> <span class='ocrx_word' id='word_1_222' title='bbox 756 1699 845 1746; x_wconf 85' lang='lat' dir='ltr'>viribus,</span> 
     </span>
     <span class='ocr_line' id='line_1_30' title="bbox 94 1754 680 1802; baseline -0.002 -11"><span class='ocrx_word' id='word_1_223' title='bbox 94 1754 196 1791; x_wconf 78' lang='grc'><strong>1001011011</strong></span> <span class='ocrx_word' id='word_1_224' title='bbox 211 1754 263 1791; x_wconf 72' lang='lat' dir='ltr'>fidei</span> <span class='ocrx_word' id='word_1_225' title='bbox 273 1754 475 1802; x_wconf 68' lang='lat' dir='ltr'>propupuaculuml</span> <span class='ocrx_word' id='word_1_226' title='bbox 490 1765 536 1791; x_wconf 90' lang='lat' dir='ltr'>esse</span> <span class='ocrx_word' id='word_1_227' title='bbox 550 1757 680 1802; x_wconf 89' lang='lat' dir='ltr'>perseveret.</span> 
     </span>
    </p>

    <p class='ocr_par' dir='ltr' id='par_1_6' title="bbox 94 1807 846 2502">
     <span class='ocr_line' id='line_1_31' title="bbox 161 1807 845 1856; baseline -0.001 -12"><span class='ocrx_word' id='word_1_228' title='bbox 161 1807 247 1855; x_wconf 92' lang='lat' dir='ltr'>Optimo</span> <span class='ocrx_word' id='word_1_229' title='bbox 255 1808 329 1855; x_wconf 87' lang='lat' dir='ltr'>itaque</span> <span class='ocrx_word' id='word_1_230' title='bbox 337 1808 426 1845; x_wconf 87' lang='lat' dir='ltr'>consilio</span> <span class='ocrx_word' id='word_1_231' title='bbox 437 1808 531 1845; x_wconf 85' lang='lat' dir='ltr'>cultores</span> <span class='ocrx_word' id='word_1_232' title='bbox 540 1808 703 1856; x_wconf 85' lang='lat' dir='ltr'>disciplinarum</span> <span class='ocrx_word' id='word_1_233' title='bbox 714 1807 845 1855; x_wconf 89' lang='lat' dir='ltr'>philosophi-</span> 
     </span>
     <span class='ocr_line' id='line_1_32' title="bbox 95 1861 845 1910; baseline 0 -12"><span class='ocrx_word' id='word_1_234' title='bbox 95 1873 169 1898; x_wconf 87' lang='lat' dir='ltr'>carum</span> <span class='ocrx_word' id='word_1_235' title='bbox 180 1873 223 1899; x_wconf 89' lang='lat' dir='ltr'>non</span> <span class='ocrx_word' id='word_1_236' title='bbox 233 1862 302 1910; x_wconf 89' lang='lat' dir='ltr'>pauci,</span> <span class='ocrx_word' id='word_1_237' title='bbox 318 1873 366 1899; x_wconf 92' lang='lat' dir='ltr'>cum</span> <span class='ocrx_word' id='word_1_238' title='bbox 377 1862 404 1899; x_wconf 89' lang='lat' dir='ltr'>ad</span> <span class='ocrx_word' id='word_1_239' title='bbox 414 1862 579 1900; x_wconf 85' lang='lat' dir='ltr'>instaurandam</span> <span class='ocrx_word' id='word_1_240' title='bbox 592 1862 675 1899; x_wconf 86' lang='lat' dir='ltr'>utiliter</span> <span class='ocrx_word' id='word_1_241' title='bbox 686 1861 845 1910; x_wconf 88' lang='lat' dir='ltr'>philosophiam</span> 
     </span>
     <span class='ocr_line' id='line_1_33' title="bbox 94 1915 845 1967; baseline 0 -15"><span class='ocrx_word' id='word_1_242' title='bbox 94 1916 211 1953; x_wconf 81' lang='lat' dir='ltr'>novissime</span> <span class='ocrx_word' id='word_1_243' title='bbox 226 1916 321 1952; x_wconf 88' lang='lat' dir='ltr'>animum</span> <span class='ocrx_word' id='word_1_244' title='bbox 337 1916 461 1963; x_wconf 86' lang='lat' dir='ltr'>adiecerint,</span> <span class='ocrx_word' id='word_1_245' title='bbox 476 1916 611 1964; x_wconf 90' lang='lat' dir='ltr'>praeclaram</span> <span class='ocrx_word' id='word_1_246' title='bbox 626 1916 719 1953; x_wconf 85' lang='lat' dir='ltr'>Thomae</span> <span class='ocrx_word' id='word_1_247' title='bbox 730 1915 845 1967; x_wconf 86' lang='lat' dir='ltr'>Aquinatis</span> 
     </span>
     <span class='ocr_line' id='line_1_34' title="bbox 95 1970 845 2018; baseline -0.001 -12"><span class='ocrx_word' id='word_1_248' title='bbox 95 1970 216 2007; x_wconf 85' lang='lat' dir='ltr'>doctrinam</span> <span class='ocrx_word' id='word_1_249' title='bbox 230 1970 351 2018; x_wconf 70' lang='lat' dir='ltr'>restituere</span> <span class='ocrx_word' id='word_1_250' title='bbox 367 1974 431 2018; x_wconf 88' lang='lat' dir='ltr'>atque</span> <span class='ocrx_word' id='word_1_251' title='bbox 442 1971 465 2006; x_wconf 92' lang='lat' dir='ltr'>in</span> <span class='ocrx_word' id='word_1_252' title='bbox 474 1971 591 2018; x_wconf 88' lang='lat' dir='ltr'>pristinum</span> <span class='ocrx_word' id='word_1_253' title='bbox 605 1971 669 2007; x_wconf 90' lang='lat' dir='ltr'>decus</span> <span class='ocrx_word' id='word_1_254' title='bbox 680 1970 792 2007; x_wconf 86' lang='lat' dir='ltr'>vindicare</span> <span class='ocrx_word' id='word_1_255' title='bbox 802 1972 845 2006; x_wconf 91' lang='lat' dir='ltr'>stu-</span> 
     </span>
     <span class='ocr_line' id='line_1_35' title="bbox 95 2024 845 2072; baseline -0.001 -12"><span class='ocrx_word' id='word_1_256' title='bbox 95 2024 189 2061; x_wconf 88' lang='lat' dir='ltr'>duerunt</span> <span class='ocrx_word' id='word_1_257' title='bbox 204 2029 224 2061; x_wconf 89' lang='grc'>01</span> <span class='ocrx_word' id='word_1_258' title='bbox 240 2025 331 2062; x_wconf 91' lang='lat' dir='ltr'>student.</span> <span class='ocrx_word' id='word_1_259' title='bbox 355 2025 406 2061; x_wconf 89' lang='lat' dir='ltr'>Pari</span> <span class='ocrx_word' id='word_1_260' title='bbox 421 2024 533 2061; x_wconf 87' lang='lat' dir='ltr'>voluntate</span> <span class='ocrx_word' id='word_1_261' title='bbox 548 2025 621 2072; x_wconf 87' lang='lat' dir='ltr'>plures</span> <span class='ocrx_word' id='word_1_262' title='bbox 637 2035 663 2061; x_wconf 81' lang='lat' dir='ltr'>ex</span> <span class='ocrx_word' id='word_1_263' title='bbox 677 2024 752 2061; x_wconf 90' lang='lat' dir='ltr'>ordine</span> <span class='ocrx_word' id='word_1_264' title='bbox 763 2024 845 2070; x_wconf 86' lang='lat' dir='ltr'>Vestro,</span> 
     </span>
     <span class='ocr_line' id='line_1_36' title="bbox 95 2077 845 2125; baseline -0.003 -10"><span class='ocrx_word' id='word_1_265' title='bbox 95 2078 234 2115; x_wconf 88' lang='lat' dir='ltr'>Venerabiles</span> <span class='ocrx_word' id='word_1_266' title='bbox 249 2078 342 2125; x_wconf 86' lang='lat' dir='ltr'>Fratres,</span> <span class='ocrx_word' id='word_1_267' title='bbox 361 2078 457 2115; x_wconf 89' lang='lat' dir='ltr'>eamdem</span> <span class='ocrx_word' id='word_1_268' title='bbox 475 2078 577 2115; x_wconf 88' lang='lat' dir='ltr'>alacriter</span> <span class='ocrx_word' id='word_1_269' title='bbox 591 2078 650 2114; x_wconf 86' lang='lat' dir='ltr'>viam</span> <span class='ocrx_word' id='word_1_270' title='bbox 668 2088 713 2114; x_wconf 91' lang='lat' dir='ltr'>esse</span> <span class='ocrx_word' id='word_1_271' title='bbox 731 2077 845 2124; x_wconf 83' lang='lat' dir='ltr'>ingressos,</span> 
     </span>
     <span class='ocr_line' id='line_1_37' title="bbox 96 2129 846 2179; baseline -0.001 -12"><span class='ocrx_word' id='word_1_272' title='bbox 96 2142 173 2179; x_wconf 80' lang='lat' dir='ltr'>magna</span> <span class='ocrx_word' id='word_1_273' title='bbox 194 2143 242 2167; x_wconf 92' lang='lat' dir='ltr'>cum</span> <span class='ocrx_word' id='word_1_274' title='bbox 263 2132 328 2168; x_wconf 90' lang='lat' dir='ltr'>animi</span> <span class='ocrx_word' id='word_1_275' title='bbox 348 2131 421 2168; x_wconf 84' lang='lat' dir='ltr'>Nostri</span> <span class='ocrx_word' id='word_1_276' title='bbox 439 2131 522 2168; x_wconf 89' lang='lat' dir='ltr'>laetitia</span> <span class='ocrx_word' id='word_1_277' title='bbox 540 2131 685 2179; x_wconf 80' lang='lat' dir='ltr'>cognovimus.</span> <span class='ocrx_word' id='word_1_278' title='bbox 720 2129 778 2172; x_wconf 82' lang='lat' dir='ltr'>Quos</span> <span class='ocrx_word' id='word_1_279' title='bbox 798 2141 846 2166; x_wconf 93' lang='grc'><strong>01111</strong></span> 
     </span>
     <span class='ocr_line' id='line_1_38' title="bbox 95 2183 846 2231; baseline 0 -11"><span class='ocrx_word' id='word_1_280' title='bbox 95 2185 208 2222; x_wconf 89' lang='lat' dir='ltr'>laudamus</span> <span class='ocrx_word' id='word_1_281' title='bbox 223 2185 367 2231; x_wconf 82' lang='lat' dir='ltr'>uehementer,</span> <span class='ocrx_word' id='word_1_282' title='bbox 382 2189 428 2221; x_wconf 91' lang='lat' dir='ltr'>tum</span> <span class='ocrx_word' id='word_1_283' title='bbox 443 2185 562 2231; x_wconf 85' lang='lat' dir='ltr'>hortamur,</span> <span class='ocrx_word' id='word_1_284' title='bbox 577 2188 600 2221; x_wconf 88' lang='lat' dir='ltr'>ut</span> <span class='ocrx_word' id='word_1_285' title='bbox 610 2185 634 2220; x_wconf 90' lang='lat' dir='ltr'>in</span> <span class='ocrx_word' id='word_1_286' title='bbox 644 2187 743 2231; x_wconf 91' lang='lat' dir='ltr'>suscepto</span> <span class='ocrx_word' id='word_1_287' title='bbox 757 2183 846 2220; x_wconf 90' lang='lat' dir='ltr'>consilio</span> 
     </span>
     <span class='ocr_line' id='line_1_39' title="bbox 95 2237 845 2285; baseline -0.001 -11"><span class='ocrx_word' id='word_1_288' title='bbox 95 2242 247 2285; x_wconf 89' lang='lat' dir='ltr'>permaneant:</span> <span class='ocrx_word' id='word_1_289' title='bbox 267 2239 363 2285; x_wconf 89' lang='lat' dir='ltr'>reliquos</span> <span class='ocrx_word' id='word_1_290' title='bbox 381 2249 433 2275; x_wconf 83' lang='grc'><strong>1010</strong></span> <span class='ocrx_word' id='word_1_291' title='bbox 449 2249 522 2274; x_wconf 89' lang='grc'><strong>010001</strong></span> <span class='ocrx_word' id='word_1_292' title='bbox 537 2249 563 2274; x_wconf 79' lang='lat' dir='ltr'>ex</span> <span class='ocrx_word' id='word_1_293' title='bbox 578 2238 644 2275; x_wconf 91' lang='lat' dir='ltr'>Vobis</span> <span class='ocrx_word' id='word_1_294' title='bbox 663 2237 788 2285; x_wconf 82' lang='lat' dir='ltr'>singulatim</span> <span class='ocrx_word' id='word_1_295' title='bbox 802 2248 845 2273; x_wconf 90' lang='lat' dir='ltr'>mo-</span> 
     </span>
     <span class='ocr_line' id='line_1_40' title="bbox 95 2291 846 2339; baseline -0.001 -11"><span class='ocrx_word' id='word_1_296' title='bbox 95 2303 174 2339; x_wconf 91' lang='lat' dir='ltr'>nemus,</span> <span class='ocrx_word' id='word_1_297' title='bbox 195 2292 249 2329; x_wconf 91' lang='lat' dir='ltr'>nihil</span> <span class='ocrx_word' id='word_1_298' title='bbox 270 2292 336 2329; x_wconf 90' lang='lat' dir='ltr'>Nobis</span> <span class='ocrx_word' id='word_1_299' title='bbox 357 2303 402 2329; x_wconf 91' lang='lat' dir='ltr'>esse</span> <span class='ocrx_word' id='word_1_300' title='bbox 422 2292 533 2339; x_wconf 88' lang='lat' dir='ltr'>antiquius</span> <span class='ocrx_word' id='word_1_301' title='bbox 552 2295 573 2328; x_wconf 92' lang='lat' dir='ltr'>et</span> <span class='ocrx_word' id='word_1_302' title='bbox 591 2291 716 2339; x_wconf 86' lang='lat' dir='ltr'>optabilius,</span> <span class='ocrx_word' id='word_1_303' title='bbox 737 2302 802 2338; x_wconf 89' lang='lat' dir='ltr'>quam</span> <span class='ocrx_word' id='word_1_304' title='bbox 822 2295 846 2328; x_wconf 91' lang='grc'>11</span> 
     </span>
     <span class='ocr_line' id='line_1_41' title="bbox 96 2345 845 2394; baseline -0.001 -11"><span class='ocrx_word' id='word_1_305' title='bbox 96 2346 214 2394; x_wconf 86' lang='lat' dir='ltr'>sapientiae</span> <span class='ocrx_word' id='word_1_306' title='bbox 229 2346 289 2383; x_wconf 89' lang='lat' dir='ltr'>rivos</span> <span class='ocrx_word' id='word_1_307' title='bbox 299 2346 432 2394; x_wconf 89' lang='lat' dir='ltr'>purissimos,</span> <span class='ocrx_word' id='word_1_308' title='bbox 448 2357 474 2382; x_wconf 79' lang='lat' dir='ltr'>ex</span> <span class='ocrx_word' id='word_1_309' title='bbox 485 2345 583 2394; x_wconf 84' lang='lat' dir='ltr'>angelico</span> <span class='ocrx_word' id='word_1_310' title='bbox 593 2345 685 2382; x_wconf 91' lang='lat' dir='ltr'>Doctore</span> <span class='ocrx_word' id='word_1_311' title='bbox 698 2345 744 2393; x_wconf 84' lang='lat' dir='ltr'>iugi</span> <span class='ocrx_word' id='word_1_312' title='bbox 754 2348 775 2382; x_wconf 91' lang='lat' dir='ltr'>et</span> <span class='ocrx_word' id='word_1_313' title='bbox 785 2356 845 2393; x_wconf 86' lang='lat' dir='ltr'>prae·</span> 
     </span>
     <span class='ocr_line' id='line_1_42' title="bbox 96 2399 846 2447; baseline -0.001 -10"><span class='ocrx_word' id='word_1_314' title='bbox 96 2401 163 2437; x_wconf 82' lang='lat' dir='ltr'>divite</span> <span class='ocrx_word' id='word_1_315' title='bbox 179 2399 234 2437; x_wconf 87' lang='lat' dir='ltr'>vena</span> <span class='ocrx_word' id='word_1_316' title='bbox 250 2401 390 2447; x_wconf 85' lang='lat' dir='ltr'>dimanantes,</span> <span class='ocrx_word' id='word_1_317' title='bbox 405 2400 515 2436; x_wconf 89' lang='lat' dir='ltr'>studiosae</span> <span class='ocrx_word' id='word_1_318' title='bbox 527 2400 635 2437; x_wconf 84' lang='lat' dir='ltr'>iuventuti</span> <span class='ocrx_word' id='word_1_319' title='bbox 646 2400 707 2447; x_wconf 83' lang='lat' dir='ltr'>large</span> <span class='ocrx_word' id='word_1_320' title='bbox 717 2399 846 2447; x_wconf 86' lang='lat' dir='ltr'>copioseque</span> 
     </span>
     <span class='ocr_line' id='line_1_43' title="bbox 95 2454 335 2502; baseline 0.008 -14"><span class='ocrx_word' id='word_1_321' title='bbox 95 2454 192 2491; x_wconf 85' lang='lat' dir='ltr'>universi</span> <span class='ocrx_word' id='word_1_322' title='bbox 207 2454 335 2502; x_wconf 89' lang='lat' dir='ltr'>praebeatis.</span> 
     </span>
    </p>
   </div>
   <div class='ocr_carea' id='block_1_3' title="bbox 163 2572 358 2612">
    <p class='ocr_par' dir='ltr' id='par_1_7' title="bbox 163 2572 358 2612">
     <span class='ocr_line' id='line_1_44' title="bbox 163 2572 358 2612; baseline 0.005 -9"><span class='ocrx_word' id='word_1_323' title='bbox 163 2577 166 2593; x_wconf 93' lang='lat'>¹</span> <span class='ocrx_word' id='word_1_324' title='bbox 179 2572 318 2612; x_wconf 66' lang='grc'><strong>1111011101</strong></span> <span class='ocrx_word' id='word_1_325' title='bbox 332 2573 358 2605; x_wconf 85' lang='grc'><strong>011,</strong></span> 
     </span>
    </p>
   </div>
   <div class='ocr_carea' id='block_1_4' title="bbox 0 0 932 3062">
    <p class='ocr_par' dir='ltr' id='par_1_8' title="bbox 0 0 932 3062">
     <span class='ocr_line' id='line_1_45' title="bbox 0 0 932 3062; baseline 0 0"><span class='ocrx_word' id='word_1_326' title='bbox 0 0 932 3062; x_wconf 95' lang='lat' dir='ltr'> </span> 
     </span>
    </p>
   </div>
  </div>
 </body>
</html>
