1846 3062
367 150 474 183 LITTERAE
487 151 636 185 apostoticae

282 252 298 282 i.
310 259 399 281 Parnocixn
410 259 501 281 'ruomsrim
513 260 632 282 OPFORTUNITAS
643 259 663 281 ET
674 259 727 281 VALOR

229 303 250 324 Al!
261 302 330 324 ssit‘rau
342 301 418 324 enitaris
430 302 506 324 HUlIhXAE
517 304 536 324 ΕΤ
547 304 568 324 Al)
579 302 673 324 PROFECTUM
684 302 773 324 STUDIORUM

194 359 233 396 His
254 359 280 396 de
299 358 380 395 caussis
401 358 491 406 dignum
510 370 600 407 prorsus
618 359 746 406 Angelicnm
765 359 880 396 Doctorcm

128 414 253 458 iudicamus,
269 413 306 459 qni
321 415 418 459 praestes
432 413 532 450 tutelaris
543 413 665 451 studiorum
675 415 793 461 cooptetur.
817 412 880 456 Quod

129 478 176 504 cum
190 467 283 504 libenter
297 465 394 513 iacimus,
412 469 458 504 tum
475 467 512 504 illa
527 467 570 505 Nos
588 466 732 505 consideratio
751 471 828 514 irroret,
847 467 880 504 tu-

128 526 201 558 tiuum
215 525 239 557 ut
254 520 399 568 patrocinium
412 521 505 558 hominis
515 522 603 559 maximi
619 525 639 559 et
649 520 779 559 sanctissimi
788 521 880 558 multum

129 575 200 612 valeat
221 575 248 611 ad
268 575 428 622 philosophicas
449 575 625 624 theologicosque
647 575 776 623 disciplinas,
797 586 880 612 summa

128 639 176 666 cum
191 628 285 665 utilitate
298 628 438 676 reipublicae,
453 630 612 667 instaurandas.
635 630 689 666 Nam
704 629 741 667 uhi
756 640 779 666 se
794 629 880 667 scholae

129 682 247 720 catholicae
262 683 284 719 in
300 682 436 731 disciplinam
451 687 472 721 et
487 684 608 721 clientelam
618 683 717 721 Dcctoris
727 683 825 731 Angelici
838 688 880 720 tra-

129 737 229 783 diderint,
244 736 307 774 facile
321 737 411 774 florebit
426 737 533 785 sapientia
548 738 596 775 reri
610 737 708 784 nominis,
722 737 793 774 firmis
802 737 880 774 hausta

129 791 247 839 principiis,
256 791 341 827 ratione
351 794 416 838 atquc
425 791 501 828 ordine
511 791 624 839 explicata.
639 792 673 828 Ex
682 790 792 839 probitate
802 791 880 828 doctri-

129 855 206 881 narum
221 844 319 892 probitas
334 845 436 892 gignetrn
451 846 509 882 vitae
525 856 572 882 cum
587 846 692 893 privatae,
709 848 756 881 tum
770 844 879 892 publicae:

129 899 197 946 probe
212 899 300 935 vivendi
315 898 493 936 consuetudinem
507 899 565 936 salus
578 900 713 947 populorum,
728 899 787 945 ordo,
803 902 880 946 pacata

128 963 202 989 rerum
217 952 365 999 tranquillitas
380 956 544 1000 consequentia.

194 1004 235 1047 Qui
250 1006 273 1041 in
287 1005 377 1042 scientia
391 1017 466 1042 rerum
481 1017 593 1043 sacrarum
608 1005 726 1051 elaborant,
741 1009 786 1042 tam
801 1005 880 1042 acriter

129 1059 169 1095 hoe
178 1062 275 1106 tempore
285 1060 390 1105 lacessita,
405 1070 431 1095 ex
444 1059 590 1096 voluminibus
602 1059 671 1096 sancti
681 1058 775 1096 Thomae
784 1058 881 1095 habituri

129 1116 184 1157 sunt,
204 1123 247 1159 quo
264 1112 405 1149 fundamenta
423 1112 476 1149 fidei
491 1112 622 1149 cluistianae
640 1112 710 1159 aiirple
729 1112 881 1156 demonstrent,

130 1176 172 1212 quo
179 1165 283 1202 veritates
289 1166 467 1213 supernaturales
473 1165 624 1213 persuadeant,
634 1176 677 1212 quc
685 1165 780 1202 nefarios
787 1165 882 1202 hostium

129 1219 222 1266 impetus
237 1230 249 1255 a
263 1218 369 1266 religione
384 1219 519 1256 sanctissima
534 1219 667 1266 propulsent.
690 1218 766 1266 anue
775 1229 835 1255 exre
844 1218 881 1255 hu-

130 1283 205 1309 manae
218 1272 345 1319 disciplinae
354 1283 427 1308 omnes
436 1283 480 1309 non
489 1272 590 1319 impediri
600 1275 637 1308 aut
647 1272 731 1308 tardari
741 1282 817 1309 cursus
827 1282 882 1316 suos,

130 1325 167 1362 sed
182 1325 269 1362 incitari
284 1326 403 1372 augerique
418 1326 520 1369 sentient,
539 1325 596 1361 ratio
615 1335 667 1361 vero
685 1325 707 1361 111
725 1325 819 1372 gratiam
834 1335 882 1362 cum

129 1378 179 1424 fide,
194 1379 286 1415 sublatis
301 1378 441 1416 dissidiorum
455 1379 542 1425 caussis,
555 1378 642 1425 redibit,
658 1389 748 1426 eamque
759 1379 783 1415 in
794 1378 882 1427 indaga·

130 1432 188 1469 tione
203 1432 250 1469 reri
265 1435 367 1480 sequetur
383 1433 464 1469 ducem.
493 1433 582 1469 Demum
600 1435 706 1481 quotquot
721 1436 771 1470 sunt
786 1432 883 1470 homines

131 1486 227 1524 discendi
245 1486 323 1534 cupidi,
341 1487 397 1524 tanti
414 1480 514 1535 magistri
532 1487 635 1534 exemplis
653 1486 817 1534 praeceptisque
835 1497 883 1524 con-

131 1540 224 1587 formati,
242 1551 369 1588 comparare
386 1551 432 1578 sese
449 1540 576 1589 integritate
593 1551 677 1578 morum
692 1546 825 1587 assuescent;
844 1552 883 1578 nec

131 1605 178 1632 eam
186 1606 261 1632 rerum
270 1595 382 1632 scientiam
395 1596 583 1641 consectahuntur,
599 1606 654 1643 quae
664 1606 675 1632 a
686 1595 777 1633 caritate
786 1595 883 1633 seiuncta

131 1649 195 1686 inflat
210 1650 292 1688 animos
307 1653 327 1687 et
343 1650 369 1687 de
384 1650 420 1687 via
435 1650 537 1696 deflectit,
552 1650 589 1687 sed
605 1661 650 1687 eam
667 1661 722 1698 quae
731 1650 786 1687 sicut
799 1650 884 1688 aPatre

131 1704 238 1742 1111111111
253 1710 273 1742 et
288 1704 425 1743 scientiarum
440 1705 533 1742 Domino
551 1705 641 1742 exordia
660 1704 722 1752 capit,
742 1704 772 1742 sic
790 1705 818 1742 ad
835 1716 884 1743 eum

131 1764 191 1796 reeta
206 1759 311 1807 perducit.

491 1916 524 1958 111

409 2003 603 2045 OONOLUSIO

398 2137 466 2159 SANCTUS
477 2137 542 2159 'laetias
553 2136 621 2165 normas

255 2181 315 2203 Ollh'll'll
327 2181 422 2203 §cacumen
434 2180 556 2202 cassamentum
567 2179 650 2201 PATllOXU-S'
662 2179 762 2201 nactanm's

197 2248 281 2285 Placuit
297 2253 368 2285 autem
383 2248 423 2285 hac
435 2259 500 2295 super
510 2257 535 2284 re
544 2247 600 2283 sacri
610 2246 675 2283 ctiam
685 2245 773 2283 Consilii
783 2245 885 2294 legitimis

132 2302 211 2339 ritibus
227 2302 381 2350 cognoscendis
396 2312 516 2350 perrogare
531 2300 670 2345 sententiani;
690 2311 754 2348 qnam
773 2311 821 2336 cum
838 2311 885 2348 per-

132 2357 271 2403 spexerimus,
282 2356 422 2394 dissentiente
429 2356 520 2401 nemine,
529 2354 586 2392 rotis
594 2354 679 2391 Nostris
687 2354 751 2402 plane
760 2365 885 2402 congruere,

132 2410 175 2447 Nos
193 2411 221 2447 ad
235 2411 328 2458 gloriam
346 2410 499 2458 omnipotentis
514 2409 553 2446 Dei
573 2411 593 2446 et
611 2408 715 2445 honorem
729 2408 829 2446 Dcctoris
845 2408 885 2445 An-

133 2463 202 2510 gelici,
223 2464 251 2501 ad
269 2465 402 2501 incrementa
422 2464 562 2501 scientiarum
583 2466 604 2499 et
623 2473 756 2500 cormnunem
776 2462 886 2499 societatis

133 2517 240 2554 humanae
257 2518 378 2564 utilitatem,
396 2522 495 2555 sanctum
510 2516 614 2554 Γ1110111111
628 2516 744 2553 Doctorem
759 2516 886 2564 Angelicum

133 2581 234 2618 suprema
252 2571 381 2608 auctoritate
396 2572 475 2609 Nostra
490 2571 609 2607 Patronum
627 2570 762 2606 declaramus
777 2570 886 2607 Universi-

134 2626 203 2660 tatum
218 2625 344 2671 studiorum,
355 2625 525 2670 Academiarum,
535 2624 661 2672 Lyceorum,
676 2623 800 2661 scholarum
815 2624 887 2660 catho-

134 2677 230 2723 licarum,
254 2682 318 2725 atque
341 2680 373 2714 nti
393 2679 458 2715 talem
479 2679 506 2715 ab
527 2678 626 2714 omnihus
647 2677 728 2722 haberi,
751 2677 797 2723 coli,
822 2680 886 2724 atque
