1846 3062
262 167 369 208 QUAESTIO
381 168 426 200 XXX
448 167 571 201 ARTICULUS
582 167 597 199 ll
765 157 805 194 217

50 265 120 300 dicitur
133 274 143 298 a
155 265 274 307 Philosopho
286 267 296 298 6
308 265 372 299 Etltt'c.
385 275 399 299 c.
411 266 426 307 6,
443 265 495 308 quod
511 265 536 299 sit
551 265 575 298 de
586 263 732 298 universalibus
744 265 763 297 et
774 272 807 296 ne-

51 319 141 354 cessariis
156 318 278 353 existimatio.
303 319 362 353 Cuius
377 320 427 353 ratio
442 323 477 358 θεῖ,
496 319 546 362 quia,
564 322 586 352 nt
603 319 659 353 docet
673 318 807 359 Philosophus

51 377 59 408 t
72 374 145 407 Foster.
158 383 173 407 c.
185 375 200 414 6,
213 373 358 414 demonstratio,
371 373 426 407 cuius
438 373 520 407 effectus
532 376 562 407 est
574 373 658 414 seientia,
670 371 758 415 procedit
770 381 807 414 per

51 436 120 462 causas
132 427 257 461 necessarias.

119 480 226 524 Opinionis
235 491 282 515 vero
291 481 386 515 obiectum
392 481 474 515 formale
482 484 511 515 est
518 481 640 524 coetirtyens,
649 481 701 524 qnod
709 490 734 515 sc.
741 482 807 522 potest

51 535 106 569 aliter
119 545 139 569 se
151 535 227 577 habere
239 538 261 569 ut
273 536 343 577 probat
355 535 486 577 Philosophus
499 535 589 569 tPoster.
603 544 617 568 c.
626 536 652 569 33.
672 535 746 576 Primo,
760 533 806 577 quia

51 588 154 623 cuiuslibet
165 589 208 623 veri
219 590 250 623 vel
262 591 292 623 est
303 589 411 623 intellectus
423 590 454 623 vel
467 589 545 623 scientia
557 589 588 623 vel
597 588 666 632 opinio.
687 589 724 623 Sed
733 589 806 622 dantur

52 643 146 686 quaedam
159 652 205 676 vera
217 643 356 685 contingentia,v
368 653 451 686 quorum
467 653 530 686 neque
545 646 575 677 est
587 643 666 677 scientia
677 652 740 685 neque
751 642 806 676 intel·

51 699 117 731 lectus
141 697 195 739 Ergo
207 697 257 730 circa
271 697 303 730 illa
318 696 355 730 erit
369 696 439 739 opinio.
462 696 559 739 Secundo,
576 697 621 740 quia
635 696 745 739 opinionem
762 706 807 731 esse

51 750 204 793 contingentium
216 754 246 785 est
258 751 356 794 quoddam
369 751 480 785 contessum
493 754 644 785 consentaneum
658 751 695 793 his,
709 760 759 793 quae
774 760 808 793 ap·

51 808 125 848 parent.
154 805 224 847 Opinio
242 804 293 839 enim
314 805 391 839 videtur
411 815 481 839 sonare
498 805 571 848 aliquid
589 805 651 840 debile
669 807 688 839 et
704 804 806 839 incertum.

53 859 122 901 Tertio]
136 859 181 902 quia
188 859 208 893 id
217 863 270 902 patet
278 859 402 902 experientia.
421 859 490 893 Nullus
499 860 550 893 enim
559 859 637 902 qnando
646 859 742 901 opinatur,
752 859 806 901 quod

52 913 172 955 impossibile
185 913 210 947 sit
221 913 277 947 aliter
289 923 309 947 se
322 914 400 955 hahere,
412 916 490 955 reputat
502 923 523 947 se
531 912 611 955 opinari,
625 913 659 947 sed
671 916 717 946 tunc
729 915 808 954 reputat

52 977 72 1001 se
85 967 139 1001 scire.
159 967 241 1007 Quando
249 970 313 1001 autem
323 967 419 1010 opinatur,
431 967 484 1009 qnod
497 967 524 1001 sic
534 970 564 1001 est
571 969 590 1001 et
599 967 650 1009 quod
659 966 708 1000 nihil
715 966 808 1008 prohibet

52 1021 107 1054 aliter
119 1021 228 1063 satiabere,
243 1024 320 1063 reputat
335 1031 355 1055 se
371 1021 455 1064 opinari:
471 1021 511 1055 aosi
526 1021 592 1064 opinio
607 1021 632 1054 sit
647 1021 696 1062 talis,
711 1020 724 1053 i.
736 1029 751 1053 e.
763 1030 808 1053 oon-

52 1074 150 1117 ringentis,
163 1075 242 1108 scientia
254 1078 318 1108 autem
331 1075 356 1109 sit
368 1075 478 1109 necessarii.
490 1087 491 1090 ¹

117 1129 177 1163 Fides
189 1138 236 1162 vero
244 1129 302 1162 hahet
311 1129 384 1171 aliquid
393 1138 495 1163 commune
503 1138 547 1162 cum
555 1128 646 1171 opinione
654 1131 673 1162 et
681 1127 753 1171 aliquid
763 1138 808 1162 oum

53 1182 140 1223 scientia;
153 1183 227 1216 ratione
239 1182 294 1216 cuius
306 1183 385 1225 ponitur
397 1183 483 1217 medium
495 1182 547 1216 inter
555 1182 666 1225 opinionem
674 1185 693 1215 et
702 1182 808 1216 scientiam.

53 1236 102 1271 Cum
115 1236 194 1270 scientia
206 1236 257 1270 enim
270 1246 371 1270 commune
386 1237 444 1270 habet
459 1239 533 1270 certum
548 1239 566 1270 et
580 1236 643 1270 fixum
658 1245 770 1278 assensum3
786 1235 808 1269 in

52 1300 91 1333 qno
103 1291 127 1323 ab
139 1290 229 1333 opinione
241 1290 313 1332 differt,
328 1300 377 1333 quae
389 1291 458 1333 accipit
469 1291 552 1324 alterum
565 1290 699 1333 oppositorum
713 1299 757 1324 cum
768 1289 809 1324 for-

53 1344 125 1377 midine
137 1344 221 1386 alterius,
237 1347 255 1378 et
269 1354 280 1378 a
295 1345 419 1387 dubitatione,
434 1354 483 1387 quae
497 1345 579 1378 fluctuat
591 1345 642 1378 iuter
654 1345 692 1378 duo
705 1344 809 1378 contraria.

53 1399 91 1433 Sed
103 1408 146 1432 cnm
159 1398 249 1441 opinione
260 1408 362 1433 commune
373 1399 436 1441 habet,
448 1399 501 1441 quod
509 1401 539 1433 est
547 1399 571 1433 de
579 1399 644 1440 rebus,
657 1408 706 1441 quae
713 1409 753 1433 non
762 1402 810 1433 sunt

52 1452 157 1486 intellectui
173 1452 287 1486 naturaliter
304 1453 417 1495 possibiles:
435 1452 455 1486 in
473 1463 512 1496 quo
530 1453 597 1487 differt
615 1463 625 1487 a
644 1453 728 1487 scientia.
751 1454 808 1487 Unde

53 1506 177 1540 manifestum
190 1509 224 1548 est,
236 1507 289 1550 quod
301 1506 380 1541 scientia
391 1507 520 1541 essentialiter
532 1506 599 1541 differt
611 1507 635 1541 ab
647 1507 743 1549 opinione.

118 1582 145 1616 An
153 1592 261 1615 anonumum
269 1593 311 1615 anco
319 1593 399 1616 memnon
407 1583 459 1626 quod
468 1582 548 1617 scientia
555 1586 574 1617 et
582 1583 647 1625 opinio
660 1583 808 1625 distinguuntur

53 1640 143 1679 exparte
156 1636 225 1670 obiecti
240 1640 259 1670 et
273 1636 337 1679 medii,
354 1646 394 1671 non
408 1637 487 1680 quidem
503 1636 633 1679 materialiter,
652 1637 686 1671 sed
700 1636 810 1671 formaliter

28 1684 32 1689 ”
53 1691 130 1733 accepti,
147 1694 194 1734 puta
209 1701 244 1734 per
259 1692 347 1726 ordinem
362 1691 387 1726 ad
402 1692 498 1726 obiectum
516 1691 567 1726 clare
581 1694 600 1725 et
615 1693 698 1726 obscure
716 1702 751 1726 seu
767 1692 810 1726 sine
841 1696 842 1700 ’

52 1745 157 1779 tormidine
169 1745 240 1779 visum.
263 1747 312 1779 Nam
323 1745 375 1780 idem
388 1746 484 1780 obiectum
496 1747 528 1780 vel
539 1746 625 1780 medium
637 1746 774 1788 necessarium,
792 1747 808 1780 si

54 1798 79 1832 sit
91 1799 141 1833 clare
156 1799 320 1842 cognit11n1‚lacit
336 1799 444 1841 solentiam
460 1799 476 1833 si
491 1801 574 1833 obscure
589 1803 608 1834 et
623 1804 712 1842 putatum
727 1803 749 1835 ut
765 1810 810 1835 con-

54 1852 137 1896 tingens,
148 1853 194 1888 iacit
206 1853 322 1896 opinionem.

310 2082 433 2116 ARTICULUS
444 2082 555 2116 SECUNDUS

68 2181 131 2210 tinch
143 2182 163 2210 lX
175 2181 240 2210 EODEM
252 2182 326 2211 nolitne
338 2182 363 2210 DE
375 2182 440 2210 EADEM
452 2182 579 2211 conciderent:
591 2182 667 2211 Possint
679 2182 736 2211 sinim
747 2182 792 2211 ESSE

333 2236 419 2265 scientia
433 2237 456 2264 ET
471 2236 534 2266 OPINIO

55 2325 93 2397 ΑΒ
105 2333 187 2355 saounoun
199 2333 223 2354 s1c
233 2332 339 2355 Pnocuorrun.
358 2323 439 2356 Videtur
448 2323 500 2365 quod
508 2322 528 2356 in
537 2323 604 2357 eodem
616 2322 694 2356 homine
706 2322 730 2355 de
742 2322 809 2355 eadem

95 2376 217 2411 conclusione
230 2376 288 2410 simul
300 2386 344 2411 esse
355 2376 433 2419 possint
448 2376 527 2411 scientia
542 2380 560 2411 et
576 2376 646 2419 opinio.
669 2377 718 2410 Nam
731 2376 812 2418 cogniti-

55 2439 102 2464 ones
114 2430 157 2464 illae
169 2432 245 2464 tanttmr
257 2433 368 2473 repugnant
379 2430 399 2464 in
411 2431 479 2465 eodeni
492 2430 584 2472 subiecto,
596 2440 645 2473 oriae
655 2433 700 2464 sunt
709 2430 733 2464 de
741 2430 809 2464 eodem

55 2484 129 2518 obiecto
138 2488 157 2518 et
166 2485 272 2518 secundnm
280 2485 332 2518 idem
340 2485 432 2527 medinm,
441 2487 463 2519 ut
471 2487 524 2527 patet
531 2485 551 2518 in
557 2484 597 2519 fide
604 2488 622 2518 et
629 2484 704 2518 visione
710 2483 809 2525 beatifica3

54 2538 105 2572 fides
111 2539 163 2573 enim
169 2539 251 2573 assentit
257 2538 332 2581 primae
338 2540 415 2573 veritati
424 2541 505 2582 propter
515 2548 540 2581 se,
549 2543 568 2573 et
576 2539 665 2573 similiter
671 2538 721 2573 visio
731 2539 812 2581 gloriae?

55 2595 74 2626 et
85 2596 189 2635 propterea
200 2603 240 2627 non
252 2596 336 2636 possunt
348 2593 406 2628 simul
418 2603 461 2628 esse
473 2593 493 2627 in
501 2594 563 2628 beato.
583 2593 621 2627 Sed
630 2593 709 2627 scientia
717 2596 736 2627 et
744 2593 810 2635 opinio

55 2641 160 2681 versantur
172 2647 222 2681 circa
233 2647 285 2681 idem
297 2647 399 2691 obiectum,
415 2648 449 2682 sed
464 2657 503 2681 non
516 2647 565 2681 eirca
577 2648 628 2681 idem
641 2647 732 2681 medium.
756 2648 812 2691 Ergo

55 2703 147 2743 poterunt
160 2701 218 2735 simul
229 2710 277 2736 esse.
322 2713 324 2716 ’
