1846 3062
116 106 184 141 XXVI
324 113 443 145 suentana
457 113 659 145 :›Au'ranu1rnrnrs÷.

116 211 201 248 civilem
220 211 344 248 societatem
364 210 458 256 fluxere,
479 214 555 258 sponte
573 210 678 247 reiioiant.
711 211 796 247 Etenim
819 222 867 248 cum

117 265 210 302 lunnana
225 276 284 303 mens
299 264 364 302 certis
379 264 466 310 linibus,
484 265 553 312 iisque
571 265 623 301 satis
642 265 748 313 angustis,
767 265 867 302 conclusa

117 323 221 366 teneatur,
237 319 336 366 pluribus
351 318 468 364 erroribus,
483 322 504 355 et
519 318 637 354 multarum
650 330 724 355 rerum
735 319 867 367 ignorationi

117 378 148 411 est
166 373 264 410 obnoxia.
294 372 374 410 Contra
394 372 449 410 fides
467 372 594 419 christiana,
614 384 663 409 cum
681 374 719 410 Dei
738 374 868 411 auctoritate

116 428 204 473 nitatur,
220 427 340 464 certissima
355 430 387 464 est
397 427 497 464 veritatis
507 426 622 475 magistra,
639 439 704 475 quam
717 428 753 476 qui
764 428 867 476 sequitur,

116 493 186 529 neque
196 492 295 519 errorum
305 481 389 529 laqueis
399 481 504 528 irretitur,
518 493 588 530 neque
598 481 732 520 inoertarum
742 483 868 531 opinionum

116 536 220 573 fluctibus
231 536 333 584 agitatur.
356 535 494 584 Quapropter
506 536 542 583 qui
552 536 702 584 philosophiae
713 537 808 574 studium
820 548 867 574 cum

117 590 220 638 obsequio
235 590 287 627 fidei
303 590 434 628 christianae
445 590 584 638 coniungunt,
599 590 614 626 ii
625 592 705 638 optime
715 591 867 639 philosophan-

116 650 161 681 tm‘:
179 645 354 692 quamloquidem
365 645 489 681 divinarum
499 644 618 682 veritatum
628 645 735 692 splendor,
751 645 822 682 animo
833 656 867 682 ex-

116 704 196 747 ceptus,
214 700 283 747 ipsam
298 699 359 736 iurat
374 699 550 747 intelligentiam,
573 699 608 735 cui
627 711 670 736 non
687 701 751 737 modo
769 700 823 736 nihil
842 700 868 737 de

117 753 223 801 dignitate
239 753 339 798 detrahit,
354 754 392 790 sed
407 753 533 799 nobilitatis,
549 753 658 799 acuminis,
674 754 786 791 firmitatis
801 754 867 802 pluri-

116 819 175 844 mum
190 808 255 844 addit

182 861 235 898 Cum
250 873 302 898 vero
322 861 403 909 ingenii
422 862 489 898 aciem
507 861 622 899 intendunt
640 863 662 899 in
679 862 804 899 refellendis
822 873 867 899 sen-

116 915 195 961 tentiis,
212 927 266 963 quae
280 915 333 952 fidei
348 919 476 964 repugnant,
492 918 512 952 et
523 915 545 952 in
559 916 683 962 probandis,
699 927 754 963 quae
764 927 813 953 cum
823 916 868 952 tide

114 970 237 1015 cohaerent,
258 970 322 1017 digne
343 980 367 1006 ao
385 969 507 1017 perutiliter
526 969 632 1006 rationem
651 974 761 1007 exercent:
782 970 804 1005 in
824 970 867 1005 illis

116 1023 172 1059 enim
187 1023 303 1070 primibus,
319 1033 406 1060 caussas
421 1023 502 1059 erroris
523 1023 696 1069 depreheinlunt,
715 1029 735 1060 et
755 1034 867 1071 argumen-

116 1083 192 1122 torum,
214 1076 292 1123 [pribus
311 1077 370 1124 ipsae
387 1076 513 1121 fulciuntur,
534 1077 611 1113 uitium
630 1077 770 1124 dignoscunt:
793 1077 815 1113 in
834 1076 867 1113 his

117 1134 187 1167 autem
206 1130 370 1178 posterioribus,
388 1131 497 1167 rationum
517 1130 630 1167 momentis
648 1131 770 1178 potionum,
789 1131 867 1178 quibus

116 1184 183 1221 solide
195 1184 369 1221 demonstrentur
381 1189 401 1221 et
412 1184 501 1221 cuilibet
511 1184 613 1232 prudenti
624 1185 802 1233 persuadeantru’.
820 1185 867 1222 Hac

116 1249 169 1275 vero
183 1238 292 1275 industria
308 1242 328 1275 et
344 1238 499 1275 exercitatione
514 1238 590 1285 augeri
605 1239 683 1275 mentis
698 1249 749 1286 opes
766 1243 786 1275 et
802 1239 867 1286 expli-

116 1292 161 1329 cari
177 1291 292 1329 facultates
308 1292 345 1339 qui
359 1295 432 1340 neget,
450 1292 486 1329 ille
504 1292 550 1328 reri
569 1292 662 1339 falsique
683 1293 798 1330 discrimen
813 1292 867 1329 nihil

116 1346 237 1383 conducere
253 1346 280 1383 ad
294 1346 416 1393 protectum
431 1346 518 1393 ingenii,
537 1346 630 1383 absurde
648 1348 764 1383 contendat
781 1356 868 1383 necesse

116 1403 153 1436 est.
174 1400 252 1436 hlerito
262 1400 330 1446 igitur
341 1400 446 1436 Vaticana
457 1399 556 1446 Synodus
566 1399 679 1446 praeclara
690 1400 801 1444 beneficia,
813 1411 867 1447 quae

116 1464 154 1502 per
170 1453 237 1490 iidem
246 1454 327 1489 rationi
338 1457 483 1500 praestantur,
498 1453 531 1488 his
543 1453 615 1489 verbis
626 1458 788 1490 commemorat:
805 1453 868 1490 Fines

116 1507 221 1543 rationem
241 1507 267 1542 ob
286 1506 393 1543 erroribus
412 1506 488 1543 liberat
506 1517 530 1542 cc
549 1508 628 1550 tactor,
647 1518 736 1553 earnqac
752 1506 869 1553 tirannum

116 1561 237 1607 coplatione
251 1560 354 1596 rostrato.
384 1560 454 1606 Atque
470 1559 551 1595 idcireo
567 1559 656 1605 homini,
674 1560 692 1596 si
711 1564 805 1607 saperet,
824 1571 867 1596 non

116 1613 223 1660 culpanda
239 1613 301 1658 fides,
317 1613 385 1649 veluti
399 1613 480 1649 rationi
495 1617 516 1649 et
531 1612 668 1649 naturalibus
683 1613 813 1650 veritatibus
828 1613 867 1649 ini-

116 1667 176 1712 mica,
196 1667 233 1703 sed
249 1666 327 1714 dignae
342 1666 414 1714 potius
428 1666 472 1703 Deo
488 1671 561 1713 grates
576 1670 647 1703 essent
666 1665 787 1712 habendae,
805 1666 867 1703 rehe-

116 1723 242 1767 menterque
252 1720 382 1766 laetandum,
398 1720 461 1767 quod,
477 1721 533 1756 inter
544 1720 622 1756 multas
633 1720 770 1767 ignorantiae
781 1731 867 1757 caussas

116 1780 136 1810 et
147 1774 169 1810 in
180 1773 256 1810 mediis
267 1784 366 1810 errormn
376 1773 485 1819 fluctibus,
500 1774 541 1809 sihi
552 1773 607 1810 fides
618 1774 752 1810 sanctissima
765 1774 867 1820 illuxerit,

116 1838 176 1875 quae,
193 1828 254 1875 truasi
269 1828 328 1864 sidus
344 1827 441 1873 anticum,
457 1827 512 1864 eina
527 1838 611 1864 onmem
627 1828 714 1865 errandi
729 1828 867 1865 formidinem

115 1886 203 1930 portum
218 1882 318 1919 veritatis
334 1886 493 1919 eornmonstrat.

408 2033 465 2066 PARS
476 2033 574 2066 SECUNDA

232 2111 359 2140 conrnonano
374 2110 490 2139 Saurnn'nan
505 2110 530 2137 EX
539 2110 634 2138 ‘nisinun
650 2110 751 2139 ECClAESlhE

325 2212 339 2240 l.
352 2218 413 2240 :leOhhl
425 2217 489 2239 l'ATRl'll
501 2217 520 2238 ΕΤ
532 2216 625 2238 ommonem:

278 2262 354 2284 unulslus·
366 2261 464 2283 RESl'lTU'l'OR
476 2260 552 2281 Ht‘ilah'nn
564 2260 612 2281 ΕΤΙΔΜ
624 2260 704 2281 §indutiae

180 2317 242 2360 Quod
257 2318 280 2363 si,
296 2317 436 2354 Venerabiles
446 2317 540 2361 Fratres
556 2316 583 2352 ad
594 2315 707 2352 historiam
717 2316 868 2364 philosophiae

115 2371 242 2417 respiciatis,
258 2375 341 2417 cuncta,
361 2382 416 2418 quae
430 2371 504 2418 paullo
523 2374 572 2406 ante
592 2369 693 2415 diximus,
711 2381 735 2406 re
750 2370 797 2416 ipsa
813 2381 867 2407 eom-

115 2425 204 2472 probari
225 2425 356 2472 intelligetis
389 2425 417 2461 Et
437 2435 488 2461 sane
507 2423 686 2471 philosophorum
707 2427 810 2470 veterum,
830 2425 867 2471 qui

115 2478 168 2514 fidei
179 2479 284 2515 beneficio
300 2484 422 2524 caruerunt,
438 2479 502 2515 etiam
513 2477 550 2524 qui
562 2477 698 2514 habebantur
709 2477 867 2525 sapientissimi,

115 2532 137 2568 in
152 2532 251 2579 pluribus
267 2533 383 2570 deterrime
398 2535 505 2569 errarunt.
527 2531 599 2568 Nostis
614 2531 676 2576 enim,
692 2531 748 2567 inter
764 2531 867 2568 nonnulla

183 2654 185 2668 ¹
199 2649 255 2681 [loiret.
268 2649 323 2688 dogm
336 2650 356 2680 de
368 2649 403 2681 rin.
416 2651 470 2682 earn..
482 2659 518 2690 cap.
530 2652 545 2680 l.
