1846 3062
133 113 158 152 111
353 123 459 165 quinario
471 123 494 156 111
516 123 670 157 1111111111

132 223 187 266 prior
199 225 277 257 causato
290 221 408 256 naturaliter.
429 222 482 265 Ergo
495 232 538 256 esse
551 222 608 257 simul
620 223 886 266 1111111111θε11111111111111

132 277 258 311 relativorum
271 277 377 311 secuudum
389 286 438 310 esse.

197 344 213 375 4.
225 343 330 378 Panamara,
342 344 404 375 mater
415 344 445 375 est
452 342 555 376 relativum
566 343 672 376 secundum
681 352 729 384 esse,
742 343 791 376 sicut
799 346 818 375 et
826 345 886 385 pater.

133 397 171 429 Sed
183 399 244 429 mater
256 405 295 429 non
307 398 371 437 potest
383 405 460 437 semper
473 396 550 429 definiri
562 406 598 438 per
610 396 752 436 correlativum,
767 400 788 431 ut
802 399 855 439 patet
866 396 886 430 in

133 451 191 483 Beata
198 450 282 493 Virgine,
291 460 340 493 quae
348 450 406 484 habet
415 450 527 484 relationem
536 451 608 484 realem
616 451 744 485 maternitatis
754 451 778 485 ad
786 451 886 486 Christum

133 504 243 546 Dominum,
255 508 274 538 et
285 508 349 538 tamen
359 504 449 538 Christus
461 515 500 539 non
513 506 571 540 habet
582 506 694 540 relationem
707 506 777 539 realem
787 505 886 540 filiationis

132 559 157 592 ad
168 559 237 601 ipsam.
258 559 311 601 Ergo
319 559 421 601 proprium
433 559 559 593 relativorum
572 560 679 594 secundum
691 569 734 594 esse
746 570 785 593 non
797 563 831 599 est,
843 570 886 594 esse

133 613 191 647 simul
203 614 312 656 cognitione
324 615 342 647 et
354 613 472 647 definitione.

198 689 232 723 San
245 699 307 721 11111111
318 700 346 721 asa
357 689 461 722 auctoritas
470 690 584 733 Philosophi
592 690 612 723 in
620 691 745 725 Praeclaram.
754 702 768 724 c.
777 693 786 724 7
795 689 886 730 docentis,

132 743 262 785 proprietates
273 743 400 777 relativorum
412 753 455 777 esse
466 743 509 777 illas
522 744 613 786 quinque.

199 819 296 851 Rrsnovnro
311 829 390 850 nrcnnnuu
404 819 457 860 quod
472 828 540 852 omnes
555 819 684 861 proprietates
699 819 825 852 relativorum
841 821 887 852 sunt

133 876 185 905 recte
202 872 312 914 assignatae
330 872 477 914 aPlrilosopho,
492 875 511 906 et
522 873 572 905 inter
585 872 631 905 alias
640 873 716 914 prinae,
733 873 786 914 quod
798 872 887 905 habeant

133 926 264 966 contrariam,
278 925 295 958 si
306 928 371 959 tamen
382 929 433 958 recte
442 925 566 968 intelligatur.
585 926 633 958 Nam
642 926 723 958 relativa
730 935 769 958 non
778 925 887 967 suscipiunt

132 978 287 1011 contrarietatem
300 978 374 1012 ratione
387 979 422 1020 sui,
438 979 472 1012 sed
487 979 712 1012 11111111111111111111111111,
736 978 823 1017 Quorum
835 978 886 1011 enim

131 1032 258 1065 fundamenta
274 1031 383 1073 suscipiunt
397 1032 558 1072 contrarietatem,
574 1035 593 1064 et
610 1031 653 1073 ipsa
670 1032 720 1064 illam
738 1031 851 1073 suscipiunt,
866 1034 888 1065 ut

133 1085 195 1118 simile
211 1089 229 1118 et
244 1085 343 1123 dissimile,
362 1094 411 1127 quae
428 1085 536 1118 tundantur
553 1085 573 1117 iu
588 1084 714 1127 qualitatibus
730 1086 796 1119 tertiae
812 1085 887 1128 speciei.

133 1138 221 1178 Qtiorum
237 1148 284 1172 vero
299 1138 425 1172 fundamenta
439 1148 478 1172 non
494 1138 603 1180 suscipiunt
617 1139 777 1180 contrarietatem,
796 1149 830 1173 nec
844 1140 887 1182 ipsa

131 1193 185 1226 illam
197 1193 310 1235 suscipiunt,
328 1196 349 1227 ut
361 1203 410 1235 quae
421 1193 529 1226 tundantur
540 1194 560 1226 in
572 1193 684 1236 quantitate.
708 1194 799 1228 Ceterum
811 1194 856 1237 quia
867 1194 887 1227 in

132 1248 239 1290 quantitate
251 1251 281 1282 est
292 1248 357 1290 aliquo
369 1248 427 1282 modo
440 1248 566 1282 contrarietas
582 1249 689 1282 secundnm
705 1248 812 1292 perlectum
828 1252 847 1283 et
861 1249 888 1283 di·

132 1303 236 1344 minutum,
256 1302 299 1337 ideo
318 1302 392 1337 ratione
413 1303 456 1337 talis
475 1303 616 1337 contrarietatis
634 1303 737 1346 quantitati
755 1303 887 1338 convenientis

133 1362 216 1401 possunt
231 1361 249 1392 et
261 1358 363 1392 relationes
378 1358 469 1392 fundatae
484 1358 505 1391 111
519 1358 626 1401 quantitate
641 1359 712 1392 habere
727 1358 851 1401 contrarium,
867 1361 888 1392 ut

133 1423 226 1456 magnum
241 1416 260 1446 et
274 1423 357 1455 parvum
373 1413 494 1447 considerata
509 1413 529 1446 in
543 1412 608 1456 aliqua
623 1423 644 1447 re
659 1414 791 1455 determinata,
807 1416 853 1455 puta
867 1413 888 1447 in

133 1467 197 1510 aliqua
210 1468 272 1510 specie
285 1468 373 1501 animalis
385 1468 416 1501 vel
427 1468 509 1510 plantae.

200 1522 296 1563 Similiter,
312 1522 403 1564 secunao,
423 1522 504 1556 relativa
519 1532 560 1555 laon
575 1521 690 1564 suscipiunt
704 1522 771 1564 11111111
787 1524 805 1556 et
820 1523 888 1556 latinns

133 1576 208 1610 ratione
221 1577 256 1618 sui,
269 1577 303 1610 sed
316 1576 390 1610 ratione
401 1576 528 1610 fundamenti.
552 1577 600 1609 Nam
613 1586 697 1619 quorum
708 1576 835 1609 fundamenta
847 1586 888 1610 sus-

134 1631 208 1672 cipiunt
219 1631 282 1673 magis
298 1634 316 1664 et
331 1630 402 1671 minus,
418 1633 437 1664 et
452 1630 495 1672 ipsa
512 1629 625 1672 suscipiunt,
641 1632 662 1663 ut
679 1629 740 1663 simile
756 1633 774 1663 et
789 1630 888 1678 dissimile

133 1695 183 1728 (quae
195 1685 303 1718 tundantur
314 1685 334 1718 in
346 1685 471 1727 qualitatibus
484 1684 551 1718 tertiae
560 1684 634 1727 speciei,
647 1694 730 1727 quarum
739 1684 829 1725 rationes,
843 1685 888 1727 quia

133 1750 172 1773 non
181 1739 291 1774 consistunt
298 1740 318 1773 in
326 1739 444 1780 indivisibili,
453 1742 537 1781 possunt
546 1739 620 1773 ratione
629 1738 709 1772 subiecti
719 1739 817 1781 suscipere
825 1740 888 1782 magis

133 1798 152 1827 et
164 1794 234 1828 minus.
257 1794 293 1827 ma
308 1803 359 1835 vero,
374 1803 459 1836 quorum
470 1793 597 1827 fundamenta
612 1793 756 1826 constituuntur
771 1802 805 1835 per
820 1793 889 1827 indivi-

134 1848 208 1882 sibilem
222 1848 320 1887 unitatem,
332 1851 354 1880 nt
367 1851 412 1881 sunt
424 1848 505 1890 duplum
514 1850 533 1880 et
541 1847 648 1888 dimidium,
660 1857 699 1881 non
709 1846 817 1889 suscipiunt
825 1847 888 1890 magis

133 1906 152 1936 et
164 1903 234 1935 minus.
258 1902 307 1935 Sunt
319 1905 383 1935 tamen
395 1901 496 1944 quaedam,
511 1911 560 1943 quae
575 1900 683 1934 fundantur
695 1900 715 1933 111
727 1900 833 1943 quantitate
846 1910 889 1934 con-

134 1956 188 1989 tinua
200 1965 239 1989 non
251 1956 379 1989 determinata
391 1956 421 1989 vel
433 1955 453 1988 in
468 1955 540 1988 unitate
553 1955 643 1997 specifica
657 1955 771 1997 quantitatis
787 1954 888 1988 continuae

133 2018 177 2042 cum
195 2008 304 2051 privatione
319 2008 398 2042 maioris
413 2009 444 2042 vel
459 2009 540 2041 minoris
556 2008 680 2049 extensionis,
699 2010 720 2041 ut
735 2009 813 2050 aequale
828 2012 847 2042 et
861 2008 889 2042 in-

133 2063 221 2105 aequale:
238 2066 256 2096 et
270 2062 317 2102 haec
332 2062 441 2104 suscipiunt
452 2062 515 2104 inagis
528 2065 546 2095 et
558 2062 628 2102 minus,
645 2062 694 2095 sicut
706 2065 724 2095 et
736 2062 779 2103 ipsa
790 2062 888 2104 quantitas
912 2079 914 2083 ·

134 2116 224 2149 continua
235 2115 384 2148 indeterminata
397 2115 478 2157 suscipit
490 2115 553 2157 magis
565 2117 584 2148 et
596 2115 666 2148 minus.

201 2169 270 2210 Tertio
284 2168 326 2202 11111
336 2170 363 2202 nd
372 2169 529 2202 concertantium
537 2168 629 2202 omnibus
637 2168 724 2201 relativis
733 2172 773 2201 tam
782 2168 888 2202 secundum

133 2232 176 2256 esse
188 2232 247 2265 quam
260 2223 367 2256 secundum
378 2222 415 2256 dici
423 2222 517 2264 convenit,
530 2224 552 2256 ut
560 2225 615 2264 pater
623 2221 693 2255 dicitur
701 2221 737 2255 filii
745 2224 800 2264 pater
809 2225 828 2256 et
835 2222 888 2256 iilius

134 2277 195 2319 patris
207 2276 265 2316 tilius,
278 2279 296 2309 et
308 2277 390 2318 duplum
402 2277 477 2310 dimidii
489 2277 570 2319 duplum
579 2279 598 2309 et
606 2275 707 2309 dimidium
718 2276 772 2317 dupli
781 2276 888 2310 dimidium.

134 2332 173 2364 Neo
181 2333 262 2373 oportet,
271 2330 323 2372 quod
332 2331 464 2364 convertentia
473 2340 550 2373 semper
558 2330 593 2364 liat
601 2330 620 2363 in
630 2330 697 2364 eodem
704 2339 750 2364 casn
757 2330 889 2372 grammatico.

135 2385 209 2420 Dicitur
222 2385 272 2419 enim
288 2385 366 2419 scientia
382 2386 454 2421 scibilis
470 2385 554 2428 scientia,
570 2385 635 2420 scibile
650 2388 714 2420 autem
730 2385 808 2419 scicntia
824 2386 889 2421 scibile

134 2444 153 2475 et
164 2451 203 2474 non
216 2441 306 2475 scientiae
318 2441 388 2475 scibile.
411 2442 440 2475 Ad
452 2442 489 2476 hoc
500 2445 571 2483 autem,
586 2440 639 2483 quod
651 2440 694 2474 talis
706 2440 838 2475 convertentia
849 2441 888 2483 tiat,

134 2499 216 2539 oportet
228 2496 281 2539 quod
293 2495 328 2529 fiat
340 2496 367 2530 1111
377 2495 768 2538 11111111θ1111111111111111111111111111111111111
783 2496 889 2530 secundum

135 2550 367 2593 11110111111111111111111111.
376 2551 419 2584 Non
426 2551 476 2584 enim
484 2550 554 2584 dicitur
561 2550 668 2584 secundnm
674 2550 824 2583 convertentiam
832 2553 890 2593 caput

135 2605 159 2638 ad
171 2605 246 2638 animal.
266 2606 314 2638 Nam
324 2609 381 2647 caput
393 2615 431 2638 non
444 2605 528 2638 retertur
541 2604 889 2645 1111111111εθ1111111111101111111θ11,

135 2658 188 2700 quod
200 2662 229 2692 est
241 2659 317 2700 animal,
330 2659 364 2692 sed
377 2660 484 2693 secundum
496 2658 549 2692 aliud
561 2667 637 2700 nomen,
650 2668 675 2692 sc.
688 2658 797 2701 capitatum.
